@article{tyma:1998,
author = {Tyma, P},
journal = {Communications of the ACM},
number = {38--42},
title = {{Why are we using Java again?}},
url = {http://dl.acm.org/citation.cfm?id=276617},
volume = {6},
year = {1998}
}
@article{naur:1960,
author = {Naur, P and Backus, JW and Bauer, FL},
journal = {Communications of the \ldots},
number = {5},
pages = {299--314},
title = {{Revised report on the algorithmic language Algol 60}},
url = {http://www.ccs.neu.edu/home/matthias/369-s10/Transcript/prehistory.pdf},
volume = {3},
year = {1963}
}
@misc{bipm:1998,
author = {Page, CH and Vigoureux, P},
howpublished = {Available via the World Wide Web at $\backslash$url\{http://www.bipm.fr/pdf/si-brochure.pdf\}.},
title = {{The international system of units (SI)}},
url = {http://books.google.com/books?hl=en\&lr=\&id=x2tgu9uYDR4C\&oi=fnd\&pg=PA1\&dq=The+\%7BInternational\%7D+\%7BSystem\%7D+of+\%7BUnits\%7D+(\%7BSI\%7D)\&ots=Jh9WYw6tgT\&sig=4gImYFu6H3gUIyg4Qzd-4WyaEcI},
year = {1974}
}
@article{gillespie:1976,
author = {Gillespie, DT},
journal = {Journal of computational physics},
pages = {403--434},
title = {{A general method for numerically simulating the stochastic time evolution of coupled chemical reactions}},
url = {http://web.mit.edu/endy/www/scraps/signal/JCompPhys(22)403.pdf},
volume = {22},
year = {1976}
}
@book{savageau:1976,
address = {Reading, Mass.},
author = {Savageau, MA and Rosen, R},
booktitle = {Foundations of Systems Biology},
chapter = {6},
editor = {Kitano, H},
title = {{Biochemical systems analysis: a study of function and design in molecular biology}},
url = {http://www-06.all-portland.net/bst/006/1405/0061405.pdf},
year = {1976}
}
@article{gillespie:1977,
author = {Gillespie, DT},
journal = {The journal of physical chemistry},
pages = {2340--2361},
title = {{Exact stochastic simulation of coupled chemical reactions}},
url = {http://pubs.acs.org/doi/abs/10.1021/j100540a008},
volume = {81},
year = {1977}
}
@techreport{sun:1987,
annote = {Available via the World Wide Web at
$\backslash$url\{http://www.faqs.org/rfcs/rfc1014.html\}},
author = {Eisler, M},
institution = {Sun Microsystems, Inc.},
number = {1014},
title = {{XDR: External data representation standard}},
type = {Internet Request for Comments},
url = {http://tools.ietf.org/html/rfc4506.html},
year = {2006}
}
@article{gurdon:1988,
author = {Gurdon, J.\~{}B.},
number = {6201},
pages = {772--774},
title = {{A community effect in animal development}},
url = {http://www.nature.com/nature/journal/v336/n6201/abs/336772a0.html},
volume = {336},
year = {1988}
}
@article{sauro:1991,
author = {Sauro, H.\~{}M. and Fell, D.\~{}A.},
journal = {Mathematical and computer modelling},
pages = {15--28},
title = {{SCAMP: A metabolic simulator and control analysis program}},
url = {http://www.sciencedirect.com/science/article/pii/0895717791900389},
volume = {15},
year = {1991}
}
@book{harbison:1995,
author = {Harbison, S.\~{}P. and Steele, G.\~{}L.},
title = {{C, a reference manual}},
url = {http://dl.acm.org/citation.cfm?id=574679},
year = {1991}
}
@techreport{borenstein:1992,
annote = {Available via the World Wide Web at
$\backslash$url\{http://www.faqs.org/rfcs/rfc1341.html\}},
author = {Freed, N and Borenstein, N and Bellcore, NB and Innosoft, NF},
institution = {Bellcore},
number = {1341},
title = {{MIME (Multipurpose Internet Mail Extensions)}},
type = {Internet Request for Comments},
url = {http://citeseerx.ist.psu.edu/viewdoc/summary?doi=10.1.1.37.7782},
year = {1992}
}
@article{gillespie:1992,
author = {Gillespie, DT},
journal = {Physica A: Statistical Mechanics and its Applications},
pages = {404--425},
title = {{A rigorous derivation of the chemical master equation}},
url = {http://www.sciencedirect.com/science/article/pii/037843719290283V},
volume = {188},
year = {1992}
}
@book{osf:1993,
author = {{Open Software Foundation}},
title = {{OSF DCE Application Development Guide}},
year = {1993}
}
@book{segel:1993,
author = {Segel, I.\~{}H.},
publisher = {Wiley Classics Library},
title = {{Enzyme Kinetics}},
year = {1993}
}
@book{geist:1994,
author = {Ridge, Oak Ridge National Laboratory. Oak and TN},
isbn = {0-262-57108-0},
title = {{PVM: Parallel Virtual Machine}},
url = {http://cdsweb.cern.ch/record/529005/},
year = {2002}
}
@misc{taylor:1995,
author = {Thompson, A and Taylor, B.\~{}N.},
howpublished = {\{NIST\} Special Publication 811, 1995 Edition. National Institute of Standards and Technology, United States Department of Commerce. Available via the World Wide Web at $\backslash$url\{http://physics.nist.gov/Pubs/SP811/contents.html\}},
title = {{Guide for the Use of the International System of Units (SI)}},
url = {http://scholar.google.com/scholar?hl=en\&btnG=Search\&q=intitle:Guide+for+the+Use+of+the+International+System+of+Units+(\{SI\})\#1},
year = {2008}
}
@book{unicode:1996,
address = {Reading, Massachusetts},
author = {{Unicode Consortium}},
publisher = {Addison-Wesley Developers Press},
title = {{The \{U\}nicode Standard, Version 2.0}},
year = {1996}
}
@article{foster:1996,
author = {Foster, Ian and Kesselman, Carl and Tuecke, Steven},
journal = {Journal of Parallel and Distributed Computing},
number = {1},
pages = {70--82},
title = {{The \{Nexus\} Approach to Integrating Multithreading and Communication}},
volume = {37},
year = {1996}
}
@book{buschmann:1996,
author = {Buschmann, Frank and Meunier, Regine and Rohnert, Hans and Sommerlad, Peter and {and Michael Stal}},
title = {{Pattern-Oriented Software Architecture: A System of Patterns}},
year = {1996}
}
@book{eriksson:1998,
address = {New York},
author = {Eriksson, H.-E. and Penker, M},
publisher = {John Wiley \& Sons},
title = {{UML toolkit}},
url = {http://dl.acm.org/citation.cfm?id=270027},
year = {1997}
}
@article{hofmeyr:1997,
author = {Hofmeyr, JHS and Cornish-Bowden, H},
journal = {Computer applications in the \ldots},
pages = {377--385},
title = {{The reversible Hill equation: how to incorporate cooperative enzymes into metabolic models}},
url = {http://bioinformatics.oxfordjournals.org/content/13/4/377.short},
volume = {13},
year = {1997}
}
@inproceedings{sato:1997,
author = {Sato, M and Nakada, H and Sekiguchi, S},
booktitle = {\ldots Performance Computing \ldots},
pages = {491--502},
title = {{Ninf: A network based information library for global world-wide computing infrastructure}},
url = {http://www.springerlink.com/index/w555m5723875lwlv.pdf},
year = {1997}
}
@article{trankle:1997,
author = {Tr\"{a}nkle, F and Gerstlauer, A and Zeitz, M and Gilles, E.\~{}D.},
journal = {Computers \& Chemical \ldots},
number = {Suppl. S},
pages = {S841----S846},
title = {{Application of the modeling and simulation environment PROMOT/DIVA to the modeling of distillation processes}},
url = {http://www.sciencedirect.com/science/article/pii/S0098135497876077},
volume = {21},
year = {1997}
}
@book{fell:1997,
address = {London},
author = {Fell, David\~{}A.},
publisher = {Portland Press},
title = {{Understanding the control of metabolism.}},
url = {http://www.cabdirect.org/abstracts/19971407301.html},
year = {1997}
}
@article{vinoski:1997,
author = {Vinoski, S},
journal = {Communications Magazine, IEEE},
month = feb,
title = {{CORBA: Integrating diverse applications within distributed heterogeneous environments}},
url = {http://ieeexplore.ieee.org/xpls/abs\_all.jsp?arnumber=565655},
year = {1997}
}
@article{hlavacek:1997,
author = {Hlavacek, W.\~{}S. and Savageau, M.\~{}A.},
journal = {Journal of molecular biology},
month = feb,
number = {3},
pages = {538--558},
title = {{Completely uncoupled and perfectly coupled gene expression in repressible systems}},
url = {http://www.sciencedirect.com/science/article/pii/S0022283696908116},
volume = {266},
year = {1997}
}
@article{mcadams:1997,
author = {McAdams, HH and Arkin, A},
journal = {Proceedings of the National \ldots},
pages = {814--819},
title = {{Stochastic mechanisms in gene expression}},
url = {http://www.pnas.org/content/94/3/814.short},
volume = {94},
year = {1997}
}
@article{mendes:1997,
author = {Mendes, P},
pages = {361--363},
title = {{Biochemistry by Numbers: Simulation of Biochemical Pathways with \{G\}epasi\~{}3}},
volume = {22},
year = {1997}
}
@article{casanova:1997,
author = {Casanova, Henri and Dongarra, Jack},
journal = {International Journal of High \ldots},
number = {3},
pages = {212--223},
title = {{NetSolve: A network-enabled server for solving computational science problems}},
url = {http://hpc.sagepub.com/content/11/3/212.short},
volume = {11},
year = {1997}
}
@article{morton-firth:1998,
author = {Morton-Firth, C.\~{}J. and Bray, D},
journal = {Journal of Theoretical Biology},
pages = {117--128},
title = {{Predicting temporal fluctuations in an intracellular signalling pathway}},
url = {http://www.sciencedirect.com/science/article/pii/S0022519397906512},
volume = {192},
year = {1998}
}
@article{arkin:1998,
author = {Arkin, A and Ross, J and McAdams, HH},
journal = {Genetics},
pages = {1633--1648},
title = {{Stochastic kinetic analysis of developmental pathway bifurcation in phage-infected Escherichia coli cells}},
url = {http://www.genetics.org/content/149/4/1633.short},
volume = {149},
year = {1998}
}
@book{eddon:1999,
address = {Redmond, WA},
author = {Eddon, G and Eddon, Henry},
isbn = {1-57231-849-x},
publisher = {Microsoft Press},
title = {{Inside distributed COM}},
url = {http://dl.acm.org/citation.cfm?id=SERIES9729.280462},
year = {1998}
}
@book{farley:1998,
author = {Farley, Jim},
title = {{Java distributed computing}},
url = {http://books.google.com/books?hl=en\&lr=\&id=sa06y0EzFx0C\&oi=fnd\&pg=PR9\&dq=Java+Distributed+Computing\&ots=BGyVxWHTe6\&sig=hqxSPQwI0vtxjN473jqYQQoxP4Y},
year = {1998}
}
@article{seetharaman:1998,
author = {Seetharaman, K},
journal = {Communications of the ACM},
number = {10},
pages = {34--36},
title = {{The CORBA connection}},
url = {http://dl.acm.org/citation.cfm?id=286245},
volume = {41},
year = {1998}
}
@techreport{lee:1998,
annote = {Available via the World Wide Web at
$\backslash$url\{http://ptolemy.eecs.berkeley.edu/publications/papers/98/Overview/\}},
author = {Lee, Edward\~{}A.},
institution = {University of California, Berkeley},
number = {UCB/ERL No. M98/71},
title = {{Overview of the \{Ptolemy\} Project}},
type = {ERL Technical Report},
year = {1998}
}
@article{savageau:1998,
author = {Savageau, Michael\~{}A.},
month = aug,
number = {4},
pages = {1677--1691},
title = {{Demand theory of gene regulation. \{II\}. Quantitative application to the lactose and maltose operons of \{E\}scherichia coli}},
volume = {149},
year = {1998}
}
@techreport{sun:1998,
annote = {Available via the World Wide Web at
$\backslash$url\{http://java.sun.com/products/jdk/1.2/docs/guide/serialization/\}},
author = {{Sun Microsystems}},
institution = {Sun Microsystems, Inc.},
publisher = {Sun Microsystems, Inc.},
title = {{Java$\backslash$textsuperscript\{$\backslash$tiny\{$\backslash$texttrademark\}\} Object Serialization Specification}},
year = {1998}
}
@misc{microstar:1998,
author = {{Microstar Software Ltd.}},
howpublished = {Available via the World Wide Web at $\backslash$url\{http://www.microstar.com/XML/\}},
title = {{\{\AE\}lfred version 1.1}},
year = {1998}
}
@misc{clark:1998,
author = {Clark, James},
howpublished = {Available via the World Wide Web at $\backslash$url\{ftp://ftp.jclark.com/pub/xml/\}},
title = {{\{XP\} Version 0.5}},
year = {1998}
}
@misc{bray:1998,
author = {Bray, T and Paoli, J and Sperberg-McQueen, C.\~{}M.},
howpublished = {Available via the World Wide Web at $\backslash$url\{http://www.w3.org/TR/1998/REC-xml-19980210\}},
title = {{Extensible Markup Language (\{XML\}) 1.0, \{W3C\} Recommendation 10-\{F\}ebruary-1998}},
year = {1998}
}
@misc{popel:1998,
author = {Popel, A and Winslow, R.\~{}L.},
howpublished = {Center for Computational Medicine \& Biology, Johns Hopkins School of Medicine, Johns Hopkins University. Available via the World Wide Web at $\backslash$url\{http://www.bme.jhu.edu/ccmb/ccmbletter.html\}},
title = {{A Letter From the Directors...}},
year = {1998}
}
@book{matlab:1998,
address = {Natik, MA},
author = {MathWorks, The},
publisher = {The MathWorks, Inc.},
series = {$\backslash$textsc\{Matlab\}: The Language of Technical Computing},
title = {{Using $\backslash$textsc\{Matlab\}}},
year = {1998}
}
@article{goryanin:1999,
author = {Goryanin, I and Hodgman, T.\~{}C. and Selkov, E},
journal = {Bioinformatics},
number = {9},
pages = {749--758},
title = {{Mathematical simulation and analysis of cellular metabolism and regulation.}},
url = {http://bioinformatics.oxfordjournals.org/content/15/9/749.short},
volume = {15},
year = {1999}
}
@misc{colan:1999,
author = {Golan, M},
booktitle = {Lotus},
howpublished = {Available via the World Wide Web at $\backslash$url\{http://java.sun.com/products/javabeans/infobus/\}},
title = {{InfoBus 1.2 Specification}},
url = {http://scholar.google.com/scholar?hl=en\&btnG=Search\&q=intitle:\{InfoBus\}+1.2+Specification\#0},
year = {1999}
}
@article{oreilly:1999,
author = {O'Reilly, T},
number = {4},
pages = {32--37},
title = {{Lessons from Open-Source Software Development}},
volume = {42},
year = {1999}
}
@misc{winer:2001,
author = {Winer, D},
howpublished = {Available via the World Wide Web at $\backslash$url\{http://www.xmlrpc.com/spec/\}},
title = {{Xml-rpc specification}},
url = {http://scholar.google.com/scholar?hl=en\&btnG=Search\&q=intitle:\{XML-RPC\}+Specification\#0},
year = {1999}
}
@article{bosak:1999,
author = {Bosak, J and Bray, T},
journal = {Scientific American},
month = may,
title = {{XML and the second-generation Web}},
url = {http://www.floppybunny.org/robin/web/virtualclassroom/xml/scientific\_american\_xml\_web\_may\_1999.pdf},
year = {1999}
}
@misc{grace:1999,
author = {{Grace Software}},
howpublished = {Available via the World Wide Web at $\backslash$url\{http://www.homestead.com/javalog/\}.},
title = {{JavaLog}},
year = {1999}
}
@book{gropp:1999,
author = {Gropp, William and Lusk, Ewing and Skjellum, Anthony},
title = {{Using MPI: portable parallel programming with the message passing interface}},
url = {http://books.google.com/books?hl=en\&lr=\&id=xpBZ0RyRb-oC\&oi=fnd\&pg=PA1\&dq=Using+\%7BMPI\%7D:+Portable+Parallel+Programming+with+the+\%7BMessage+Passing+Interface\%7D\&ots=uaeuo2PNbR\&sig=inHRkMRE7esAlAmsQ4uJjEuPe-A},
year = {1999}
}
@book{liang:1999,
author = {Liang, Sheng},
publisher = {Sun Microsystems},
title = {{The Java Native Interface: Programmer's Guide and Specification}},
url = {http://books.google.com/books?hl=en\&lr=\&id=8M3F\_sSSvWkC\&oi=fnd\&pg=PR13\&dq=The+\%7BJava\%7D+\%7BNative\%7D+\%7BInterface\%7D,+Programmer\%27s+guide+and+Specification\&ots=Ql23UeG48n\&sig=dLx0upObL4xnmOX1cCi3RI1xgL4},
year = {1999}
}
@misc{bray:1999,
author = {Bray, T and {D. Hollander}, D and Layman, A},
howpublished = {Available via the World Wide Web at $\backslash$url\{http://www.w3.org/TR/1999/REC-xml-names-19990114/\}},
title = {{Namespaces in \{XML\}. \{W\}orld \{W\}ide \{W\}eb \{C\}onsortium 14-\{J\}anuary-1999}},
year = {1999}
}
@misc{hudson:1999,
author = {Hudson, Scott\~{}E. and Flannery, Frank and Ananian, C.\~{}Scott},
howpublished = {Available via the World Wide Web at $\backslash$url\{http://www.cs.princeton.edu/\~{}appel/modern/java/CUP/\}.},
title = {{\{CUP\} Parser Generator for \{Java\}}},
year = {1999}
}
@misc{janssen:1999,
author = {Janssen, Bill and Spreitzer, Mike and Larner, Dan and Jacobi, Chris},
howpublished = {Available via the World Wide Web at $\backslash$url\{ftp://ftp.parc.xerox.com/pub/ilu/ilu.html\}},
title = {{\{ILU\} 2.0beta1 Reference Manual}},
year = {1999}
}
@article{abbott:1999,
author = {Abbott, A},
journal = {Nature},
pages = {200--219},
title = {{Alliance of US labs plans to build map of cell signalling pathways}},
url = {http://www.nature.com/nature/journal/v402/n6759/full/402219a0.html},
volume = {402},
year = {1999}
}
@book{raymond:1999,
address = {Sebastopol, California},
annote = {This is the book form; the paper by the same name by
itself is available via the World Wide Web at
$\backslash$url\{http://www.tuxedo.org/\~{}esr/writings/cathedral-bazaar/\}},
author = {Raymond, E.\~{}S.},
title = {{The Cathedral \& the Bazaar}},
year = {1999}
}
@book{oestereich:1999,
author = {Oestereich, B},
title = {{Developing Software with \{UML\}: Object-Oriented Analysis and Design in Practice}},
year = {1999}
}
@article{tomita:1999,
author = {Tomita, M and Hashimoto, K and Takahashi, K and Shimizu, T and Matsuzaki, Y and Miyoshi, F and Saito, K and Tanida, S and Yugi, K and Venter, J.\~{}C. and Hutchison, C},
journal = {Bioinformatics},
number = {1},
pages = {72--84},
title = {{E-\{C\}ELL: Software Environment for Whole Cell Simulation}},
volume = {15},
year = {1999}
}
@inproceedings{stelling:2000,
author = {Stelling, J and Kremling, A and Gilles, E.\~{}D.},
booktitle = {\ldots Conference on Systems Biology},
pages = {29--38},
title = {{Towards a virtual biological laboratory}},
url = {http://sciencelinks.jp/j-east/article/200417/000020041704A0526365.php},
year = {2000}
}
@book{arnold:2000,
author = {Waldo, J and Arnold, K},
editor = {Arnold, Ken},
title = {{The Jini Specification}},
url = {http://dl.acm.org/citation.cfm?id=560922},
year = {2000}
}
@incollection{sauro:2000,
author = {Sauro, H.\~{}M. and Fell, DA},
booktitle = {Animating the Cellular Map: \ldots},
editor = {Hofmeyr, J-H.\~{}S. and Rohwer, J.\~{}M. and Snoep, J.\~{}L.},
isbn = {ISBN 0-7972-0776-7},
publisher = {Stellenbosch University Press},
title = {{Jarnac: A system for interactive metabolic analysis}},
url = {http://scholar.google.com/scholar?hl=en\&btnG=Search\&q=intitle:Jarnac:+A+System+for+Interactive+Metabolic+Analysis\#0},
year = {2000}
}
@incollection{schaff:2000,
address = {San Diego},
author = {Schaff, JC and Slepchenko, BM and Loew, L.\~{}M.},
booktitle = {Methods in Enzymology},
editor = {Johnson, M and Brand, L},
pages = {1--23},
title = {{Physiological modeling with virtual cell framework}},
url = {http://www.sciencedirect.com/science/article/pii/S0076687900211841},
volume = {321},
year = {2000}
}
@inproceedings{vonlaszewski:2000,
annote = {Available via the World Wide Web at
$\backslash$url\{http://www-unix.mcs.anl.gov/\~{}laszewsk/cog/\}},
author = {Laszewski, G Von and Foster, Ian and Gawor, Jarek},
booktitle = {\ldots of the ACM 2000 conference on \ldots},
pages = {97--106},
title = {{CoG kits: a bridge between commodity distributed computing and high-performance grids}},
url = {http://dl.acm.org/citation.cfm?id=337491},
year = {2000}
}
@article{stevens:2000,
author = {Stevens, R and Miller, C},
journal = {Briefings in Bioinformatics},
number = {1},
pages = {9--21},
title = {{Wrapping and interoperating bioinformatics resources using CORBA}},
url = {http://bib.oxfordjournals.org/content/1/1/9.short},
volume = {1},
year = {2000}
}
@misc{hucka:2000c,
author = {Hucka, M and Finney, A and Sauro, H and Bolouri, H},
howpublished = {California Institute of Technology},
title = {{Preliminary High-Level Design for the \{Biology Modeling Framework\}}},
year = {2000}
}
@article{gibson:2000,
author = {Gibson, MA and Bruck, J},
journal = {The journal of physical chemistry A},
pages = {1876--1889},
title = {{Efficient exact stochastic simulation of chemical systems with many species and many channels}},
url = {http://pubs.acs.org/doi/abs/10.1021/jp993732q},
volume = {104},
year = {2000}
}
@misc{bipm:2000,
author = {{Bureau International des Poids et Mesures}},
howpublished = {Available via the World Wide Web at $\backslash$url\{http://www.bipm.fr/pdf/si-supplement2000.pdf\}.},
title = {{The \{International\} \{System\} of \{Units\} (\{SI\}) Supplement 2000: addenda and corrigenda to the 7th edition (1998)}},
year = {2000}
}
@misc{gilman:2000,
author = {Gilman, A},
booktitle = {Alliance for Cellular Signaling, The University of Texas \ldots},
howpublished = {Alliance for Cellular Signaling, The University of Texas Southwestern Medical Center. Available via the World Wide Web at $\backslash$url\{http://afcs.swmed.edu/afcs/Letter\_to\_community.htm\}},
title = {{A letter to the signaling community}},
url = {http://scholar.google.com/scholar?hl=en\&btnG=Search\&q=intitle:A+Letter+to+the+Signaling+Community\#0},
year = {2000}
}
@inproceedings{hucka:2000,
address = {Miami, Florida},
annote = {21.69},
author = {Hucka, M and Beeman, D and Shankar, K and Emardson, S and Bower, J.\~{}M.},
booktitle = {Society for Neuroscience Abstracts},
organization = {Society for Neuroscience},
title = {{The \{M\}odeler's \{W\}orkspace: A Tool for Computational Neuroscientists}},
year = {2000}
}
@book{hortsmann:2000,
author = {Hortsmann, C.\~{}S. and Cornell, G},
title = {{Core \{Java\} 2, Volume 1: Fundamentals (5th \{CD\} Edition)}},
year = {2000}
}
@misc{finney:2000,
author = {Finney, Andrew},
howpublished = {Available via the World Wide Web at $\backslash$url\{http://www.cds.caltech.edu/erato/extensions.html\}},
title = {{Internal Discussion Document: Possible extensions to the \{Systems Biology Markup Language\}}},
year = {2000}
}
@incollection{allen:2000,
author = {Allen, Gabrielle and Benger, Werner and Goodale, Tom},
booktitle = {\ldots . Proceedings. The \ldots},
publisher = {IEEE Computer Society},
title = {{The cactus code: A problem solving environment for the grid}},
url = {http://ieeexplore.ieee.org/xpls/abs\_all.jsp?arnumber=868657},
year = {2000}
}
@book{mclaughlin:2000,
author = {McLaughlin, Brett},
title = {{Java and \{XML\}}},
year = {2000}
}
@inproceedings{shapiro:2000,
author = {Shapiro, B and Levchenko, A and Mjolsness, E},
booktitle = {Smart Systems 2000},
publisher = {The Institute for Advanced Interdisciplinary Research, The Atlas Building, 16821 Buccaneer Lane, Suite 206, Houston, TX 77058, USA},
title = {{Cellerator: A Computational Technique for Automatic Model Generation of Signal Transduction Pathways}},
year = {2000}
}
@misc{biron:2000,
author = {Biron, P.\~{}V. and Malhotra, A},
howpublished = {Available via the World Wide Web at $\backslash$url\{http://www.w3.org/TR/xmlschema-2/\}.},
title = {{\{XML\} \{S\}chema Part 2: Datatypes (\{W3C\} Candidate Recommendation 24 \{O\}ctober 2000)}},
year = {2000}
}
@misc{fallside:2000,
author = {Fallside, D.\~{}C.},
howpublished = {Available via the World Wide Web at $\backslash$url\{http://www.w3.org/TR/xmlschema-0/\}},
title = {{\{XML\} \{S\}chema Part 0: Primer (\{W3C\} Candidate Recommendation 24 \{O\}ctober 2000)}},
year = {2000}
}
@book{arnold:1997,
author = {Arnold, K and Gosling, J and Holmes, D},
title = {{The Java programming language}},
url = {http://www.kandroid.org/board/data/board/MemM3/file\_in\_body/1/The\_Java\_Programming\_Language,\_4th\_Edition\_2005.pdf},
year = {2000}
}
@article{smaglik:2000,
author = {Smaglik, P},
pages = {828--829},
title = {{For My Next Trick...}},
volume = {407},
year = {2000}
}
@misc{box:2000,
author = {Box, D and Ehnebuske, D and Kakivaya, G and Layman, A and Mendelsohn, N and Nielsen, H.\~{}F. and Thatte, S and Winer, D},
howpublished = {Available via the World Wide Web at $\backslash$url\{http://www.w3.org/TR/SOAP/\}},
title = {{Simple \{O\}bject \{A\}ccess \{P\}rotocol (\{SOAP\}) 1.1: \{W3C\} Note 08 \{M\}ay 2000}},
year = {2000}
}
@misc{w3c:2000,
author = {W3C},
howpublished = {Available via the World Wide Web at $\backslash$url\{http://www.w3.org/Addressing/\}},
title = {{Naming and Addressing: \{URI\}s, \{URL\}s, ...}},
year = {2000}
}
@article{smaglik:2000b,
author = {Smaglik, P},
number = {6806},
pages = {819},
title = {{\{US\} Grant Glues 'Virtual Cell' Together}},
volume = {407},
year = {2000}
}
@inproceedings{bramley:2000,
author = {Bramley, Randall and Chiu, Kenneth and Diwan, Shridhar and Cannon, Dennis and Govindaraju, Madhusudhan and Mukhi, Nirmal and Temko, Benjamin and Yechuri, Madhuri},
booktitle = {Proceedings of the 9th \{IEEE\} International Symposium on High Performance Distributed Computing, Pittsburgh, PA, Aug. 2000},
title = {{A Component Based Services Architecture for Building Distributed Applications}},
year = {2000}
}
@misc{hucka:2000b,
author = {Hucka, M},
howpublished = {Available via the World Wide Web at $\backslash$url\{ftp://ftp.cds.caltech.edu/pub/caltech-erato/notation/\}},
title = {{\{SCHUCS\}: A Notation for Describing Model Representations Intended for \{XML\} Encoding}},
year = {2000}
}
@misc{thompson:2000,
author = {Thompson, H.\~{}S. and Beech, D and Maloney, M and Mendelsohn, N},
howpublished = {Available via the World Wide Web at $\backslash$url\{http://www.w3.org/TR/xmlschema-1/\}},
title = {{\{XML\} \{S\}chema Part 1: Structures (\{W3C\} Candidate Recommendation 24 \{O\}ctober 2000)}},
year = {2000}
}
@misc{w3c:2000b,
author = {W3C},
howpublished = {Available via the World Wide Web at $\backslash$url\{http://www.w3.org/Math/\}},
title = {{\{W3C\}'s Math Home Page}},
year = {2000}
}
@inproceedings{ginkel:2000,
author = {Ginkel, M and Kremling, A and Tr\"{a}nkle, F and Gilles, E.\~{}D. and Zeitz, M},
booktitle = {Proceedings of the 3rd MATHMOD},
editor = {Troch, I and Breitenecker, F},
pages = {525--528},
title = {{Application of the process modeling tool \{ProMot\} to the modeling of metabolic networks}},
year = {2000}
}
@article{schuster:2000,
author = {Schuster, Stefan and Fell, David\~{}A. and Dandekar, Thomas},
month = mar,
number = {3},
pages = {326--332},
title = {{A general definition of metabolic pathways useful for systematic organization and analysis of complex metabolic networks}},
volume = {18},
year = {2000}
}
@article{gillespie:2000,
author = {Gillespie, D},
journal = {J. Chem. Phys.},
pages = {297--306},
title = {{The chemical Langevin equation}},
volume = {113},
year = {2000}
}
@book{steflik:2000,
author = {Steflik, Dick and Sridharan, Prashant},
title = {{Advanced \{J\}ava Networking}},
year = {2000}
}
@article{siepel:2001,
author = {Siepel, A and Farmer, A and Tolopko, A},
journal = {\ldots},
number = {1},
pages = {83--94},
title = {{ISYS: a decentralized, component-based approach to the integration of heterogeneous bioinformatics resources}},
url = {http://bioinformatics.oxfordjournals.org/content/17/1/83.short},
volume = {17},
year = {2001}
}
@book{kitano:2001,
author = {Kitano, Hiroaki},
title = {{Foundations of systems biology}},
url = {ftp://202.131.109.94/Bio- Tech Department/E-Book Collection/Kitano H (Ed) Foundations Of Systems Biology (The Mit Press,.pdf},
year = {2001}
}
@misc{arkin:2001,
author = {Arkin, A.\~{}P.},
booktitle = {Available via the World Wide Web at http://gobi. lbl. gov \ldots},
howpublished = {Available via the World Wide Web at $\backslash$url\{http://gobi.lbl.gov/\~{}aparkin/Stuff/Software.html\}},
title = {{Simulac and Deduce}},
url = {http://scholar.google.com/scholar?hl=en\&btnG=Search\&q=intitle:Simulac+and+Deduce\#0},
year = {2001}
}
@misc{wilson:2001,
author = {Wilson, John},
howpublished = {Available via the World Wide Web at $\backslash$url\{http://www.wilson.co.uk/\}},
title = {{MinML version 1.0}},
year = {2001}
}
@misc{physiome:2001,
author = {{Physiome Sciences}, Inc.},
howpublished = {Available via the World Wide Web at $\backslash$url\{http://cellml.org/\}},
title = {{\{CellML\}$\backslash$textsuperscript\{$\backslash$tiny\{$\backslash$texttrademark\}\} Home Page}},
year = {2001}
}
@misc{sbw:2001,
author = {{The SBW Development Group}},
howpublished = {Available via the World Wide Web at $\backslash$url\{http://www.cds.caltech.edu/erato/\}},
title = {{The \{ERATO\} \{Systems Biology Workbench\}}},
year = {2001}
}
@misc{finney:2001a,
author = {Finney, Andrew},
howpublished = {Available via the World Wide Web at $\backslash$url\{http://www.cds.caltech.edu/erato/sbw/docs/misc-aspects/\}},
title = {{Miscellaneous Aspects of the Design of the \{Systems Biology Workbench\} (\{SBW\})}},
year = {2001}
}
@inproceedings{hucka:2001f,
author = {Hucka, Michael and Finney, Andrew and Sauro, Herbert\~{}M.},
booktitle = {\ldots on Systems Biology},
editor = {Yi, Tau-Mu and Hucka, Michael and Morohashi, Mineo and Kitano, Hiroaki},
pages = {352--361},
publisher = {Omnipress, Inc.},
title = {{The erato systems biology workbench: Architectural evolution}},
url = {http://128.208.17.26/caltechSBW/sbwDocs/docs/icsb2001/icsb2001-distrib.ps},
year = {2001}
}
@misc{hucka:2001c,
author = {Hucka, M and Finney, A and Sauro, H.\~{}M. and Bolouri, H},
booktitle = {\ldots . edu/erato/sbw/docs/xml-rpc-comparison},
howpublished = {Available via the World Wide Web at $\backslash$url\{http://www.cds.caltech.edu/erato/sbw/docs/xml-rpc-comparison/\}},
title = {{A comparison of two alternative message-passing approaches for SBW}},
url = {http://scholar.google.com/scholar?hl=en\&btnG=Search\&q=intitle:A+Comparison+of+Two+Alternative+Message-Passing+Approaches+for+\{SBW\}\#0},
year = {2001}
}
@misc{schaff:2001,
author = {Schaff, J and Slepchenko, B and Morgan, F and Wagner, J and Resasco, D and Shin, D and Choi, Y.\~{}S. and Loew, L and Carson, J and Cowan, A and Moraru, I and Watras, J and Teraski, M and Fink, C},
howpublished = {Available via the World Wide Web at $\backslash$url\{http://www.nrcam.uchc.edu\}},
title = {{Virtual Cell}},
year = {2001}
}
@incollection{shapiro:2001,
author = {Shapiro, BE},
booktitle = {Foundations of systems \ldots},
chapter = {7},
editor = {Kitano, Hiroaki},
pages = {145--161},
publisher = {MIT Press},
title = {{Automatic model generation for signal transduction with applications to MAP-kinase pathways}},
url = {http://bruce-shapiro.com/pubs/2001.Cellerator.pdf},
year = {2001}
}
@misc{sun:2001,
author = {{Sun Microsystems}},
howpublished = {Available via the World Wide Web at $\backslash$url\{http://java.sun.com/j2se/1.3/\}},
title = {{Java \{D\}evelopment \{K\}it 1.3}},
year = {2001}
}
@misc{ascher:2001,
author = {Ascher, David and Dubois, PF and Hinsen, Konrad and Hugunin, Jim and Oliphant, Travis},
howpublished = {Available via the World Wide Web at $\backslash$url\{http://www.numpy.org\}.},
title = {{Numerical python}},
url = {http://www.lassp.cornell.edu/sethna/DM/Documentation/numpy.pdf},
year = {2001}
}
@book{musser:1996,
author = {DAVID, RM and GILLMER, JD and ATUL, S},
publisher = {Addison Wesley},
title = {{STL Tutorial and Reference guide}},
url = {http://scholar.google.com/scholar?hl=en\&btnG=Search\&q=intitle:\{STL\}+Tutorial+and+Reference+Guide\#4},
year = {2001}
}
@misc{userland:2001,
author = {{UserLand Inc.}},
howpublished = {Available via the World Wide Web at $\backslash$url\{http://www.xml-rpc.com/\}},
title = {{\{XML-RPC\} Home Page}},
year = {2001}
}
@article{hedley:2001,
author = {Hedley, Warren\~{}J. and Nelson, Melanie\~{}R. and Bullivant, D.\~{}P. and Nielson, Poul\~{}F.},
pages = {1073--1089},
title = {{A Short Introduction to \{CellML\}}},
volume = {359},
year = {2001}
}
@misc{mendes:2001,
author = {Mendes, P},
howpublished = {Available via the World Wide Web at $\backslash$url\{http://www.gepasi.org\}},
title = {{Gepasi 3.21}},
year = {2001}
}
@book{oram:2001,
author = {Andy, O},
title = {{Peer-to-Peer: harnessing the power of disruptive technologies}},
url = {http://scholar.google.com/scholar?hl=en\&btnG=Search\&q=intitle:Peer+to+Peer:+Harnessing+the+Power+of+Disruptive+Technologies\#5},
year = {2001}
}
@article{achard:2001,
author = {Achard, Fr\'{e}d\'{e}rik and Vaysseix, Guy and Barillot, Emmanuel},
journal = {Bioinformatics},
number = {2},
pages = {115--125},
title = {{XML, bioinformatics and data integration}},
url = {http://bioinformatics.oxfordjournals.org/content/17/2/115.short},
volume = {17},
year = {2001}
}
@misc{bray:2001,
author = {Bray, Dennis and Firth, Carl and {Le Nov\`{e}re}, Nicolas and Shimizu, Thomas},
howpublished = {Available via the World Wide Web at $\backslash$url\{http://www.zoo.cam.ac.uk/comp-cell/StochSim.html\}},
title = {{$\backslash$emph\{StochSim\}}},
year = {2001}
}
@misc{hedley:2001b,
author = {Hedley, WJ and Nelson, MR and Bullivant, David and Cuellar, Autumn},
booktitle = {\ldots . org/public/specification/ \ldots},
howpublished = {Available via the World Wide Web at $\backslash$url\{http://www.cellml.org/public/specification/20010810/cellml\_specification.html\}.},
title = {{CellML specification}},
url = {http://scholar.google.com/scholar?hl=en\&btnG=Search\&q=intitle:\{CellML\}+Specification\#0},
year = {2001}
}
@misc{goryanin:2001,
author = {Goryanin, I},
howpublished = {Available via the World Wide Web at $\backslash$url\{http://websites.ntl.com/\~{}igor.goryanin/\}},
title = {{$\backslash$emph\{DBsolve\}: Software for Metabolic, Enzymatic and Receptor-Ligand Binding Simulation}},
year = {2001}
}
@book{skonnard:2001,
author = {Skonnard, Aaron and Gudgin, Martin},
title = {{Essential \{XML\} Quick Reference: A Programmer's Reference to \{XML\}, \{XPath\}, \{XSLT\}, \{XML Schema\}, \{SOAP\}, and More}},
year = {2001}
}
@book{sweet:2001,
author = {Sweet, David},
publisher = {Sams},
title = {{\{KDE\} 2.0 Development}},
year = {2001}
}
@misc{mindelectric:2001,
author = {{The Mind Electric}},
howpublished = {Available via the World Wide Web at $\backslash$url\{http://www.themindelectric.com/products/glue/glue.html\}},
title = {{The \{GLUE\} Platform}},
year = {2001}
}
@book{kitano:2001b,
editor = {Kitano, Hiroaki},
publisher = {Shujunsha},
title = {{Systems \{B\}iology}},
year = {2001}
}
@misc{wallnoefer:2000,
author = {Wallnoefer, Hannes},
howpublished = {Available via the World Wide Web at $\backslash$url\{http://xmlrpc.helma.org/\}},
title = {{Helma \{XML-RPC\} library for \{Java\}, version 1.0 beta 4}},
year = {2001}
}
@misc{hucka:2001e,
author = {Hucka, Michael and Finney, Andrew},
howpublished = {Available via the World Wide Web at $\backslash$url\{ftp://ftp.cds.caltech.edu/pub/caltech-erato/message-comparison\}},
title = {{Source Code for \{XML-RPC\} versus \{SBW-RPC\} Comparison}},
year = {2001}
}
@misc{sauro:2001b,
author = {Sauro, Herbert\~{}S.},
howpublished = {Available via the World Wide Web at $\backslash$url\{http://members.tripod.co.uk/sauro/biotech.htm\}},
title = {{\{JDesigner\}: A simple biochemical network designer}},
year = {2001}
}
@inproceedings{finney:2001b,
address = {Heidelberg, Germany},
author = {Finney, Andrew and Hucka, Michael and Sauro, Herbert\~{}M. and Doyle, John\~{}C. and Kitano, Hiroaki},
booktitle = {Proceedings of the 2nd Workshop on Computation and Biochemical Pathways},
editor = {Gauges, R and Van\~{}Gend, C and Kummer, U},
pages = {115--122},
publisher = {European Media Labs},
title = {{An Overview of the \{ERATO\} \{Systems Biology Workbench\} Project}},
year = {2001}
}
@misc{OMG:2001,
author = {OMG},
howpublished = {Specification documents available via the World Wide Web at $\backslash$url\{http://www.omg.org\}},
title = {{$\backslash$emph\{CORBA\}}},
year = {2001}
}
@misc{biggs:2001,
author = {Biggs, Wes},
howpublished = {Available via the World Wide Web at $\backslash$url\{http://www.cacas.org/java/gnu/regexp/\}.},
title = {{Package $\backslash$texttt\{gnu.regexp\}: Regular expressions for \{Java\}}},
year = {2001}
}
@misc{sun:2001b,
author = {{Sun Microsystems}},
howpublished = {Available via the World Wide Web at $\backslash$url\{http://java.sun.com/products/rmi-iiop/\}},
title = {{\{RMI\} over \{IIOP\}}},
year = {2001}
}
@article{goddard:2001,
annote = {In press},
author = {Goddard, Nigel\~{}H. and Hucka, Michael and Howell, Fred and Cornelis, Hugo and Shankar, Kavita and Beeman, David},
journal = {Philosophical Transactions of the Royal Society},
title = {{Towards \{NeuroML\}: Model Description Methods for Collaborative Modelling in Neuroscience}},
year = {2001}
}
@article{lenovere:2001,
author = {{Le Nov\`{e}re}, Nicolas and Shimizu, Thomas\~{}S.},
pages = {575--576},
title = {{\{StochSim\}: Modelling of Stochastic Biomolecular Processes}},
volume = {17},
year = {2001}
}
@misc{openxml:2001,
author = {OpenXML.org},
howpublished = {Available via the World Wide Web at $\backslash$url\{http://www.openxml.org\}},
title = {{\{OpenXML\} Version 1.2}},
year = {2001}
}
@inproceedings{shapiro:2001b,
author = {Shapiro, Bruce\~{}E. and Mjolsness, Eric\~{}D.},
booktitle = {The Proceedings of the Second International Conference on Systems Biology (ICSB2001)},
editor = {Yi, Tau-Mu and Hucka, Michael and Morohashi, Mineo and Kitano, Hiroaki},
publisher = {Omnipress, Inc.},
title = {{Developmental Simulations with \{Cellerator\}}},
year = {2001}
}
@article{gillespie:2001,
author = {Gillespie, D},
journal = {J. Chem. Phys.},
title = {{Approximate accelerated stochastic simulation of chemically reacting systems}},
volume = {In press},
year = {2001}
}
@misc{tomita:2001,
author = {Tomita, M and Nakayama, Y and Naito, Y and Shimizu, T and Hashimoto, K and Takahashi, K and Matsuzaki, Y and Yugi, K and Miyoshi, F and Saito, Y and Kuroki, A and Ishida, T and Iwata, T and Yoneda, M and Kita, M and Yamada, Y and Wang, E and Seno, S and Okayama, M and Kinoshita, A and Fujita, Y and Matsuo, R and Yanagihara, T and Watari, D and Ishinabe, S and Miyamoto, S},
howpublished = {Available via the World Wide Web at $\backslash$url\{http://www.e-cell.org/\}},
title = {{E-Cell}},
year = {2001}
}
@misc{finney:2001c,
author = {Finney, Andrew and Hucka, Michael and Sauro, Herbert\~{}M. and Bolouri, Hamid},
howpublished = {Available via the World Wide Web at $\backslash$url\{http://www.cds.caltech.edu/erato/sbw/docs/api/\}},
title = {{Systems \{B\}iology \{W\}orkbench \{C\} Programmer's Manual}},
year = {2001}
}
@misc{apache:2001,
author = {{Apache Software Foundation}},
howpublished = {Available via the World Wide Web at $\backslash$url\{http://xml.apache.org/xerces-j/index.html\}},
title = {{Crimson Version 1.1}},
year = {2001}
}
@misc{hucka:2001g,
author = {Sauro, H.\~{}M. and Hucka, M and Finney, A and Bolouri, H and Sauro, H.\~{}M. and Bolouri, H},
howpublished = {Available via the World Wide Web at $\backslash$url\{http://www.sbml.org/\}},
title = {{\{Systems Biology Markup Language\} (\{SBML\}) \{L\}evel 1: Structures and Facilities for Basic Model Definitions}},
year = {2001}
}
@misc{ermentrout:2001,
author = {Ermentrout, G},
howpublished = {Available via the World Wide Web at $\backslash$url\{http://www.math.pitt.edu/\~{}bard/xpp/xpp.html\}},
title = {{XPPAUT 5.0}},
url = {http://scholar.google.com/scholar?hl=en\&btnG=Search\&q=intitle:\{XPPAUT\}+5.0\#0},
year = {2002}
}
@article{kitano:2002,
author = {Kitano, Hiroaki},
journal = {Science},
month = mar,
number = {5560},
pages = {1662--1664},
title = {{Systems biology: a brief overview}},
url = {http://www.sciencemag.org/content/295/5560/1662.short},
volume = {295},
year = {2002}
}
@misc{wall:2002,
author = {Wall, Larry},
howpublished = {Available via the World Wide Web at $\backslash$url\{http://www.cpan.org\}},
title = {{\{P\}erl 5.6}},
year = {2002}
}
@misc{finney:2002c,
author = {Finney, Andrew and Gor, Victoria and Mjolsness, Eric and Bolouri, Hamid},
title = {{Systems \{B\}iology \{M\}arkup \{L\}anguage (\{SBML\}) \{L\}evel 2 \{P\}roposal: Miscellaneous \{F\}eatures}},
year = {2002}
}
@misc{hucka:2002c,
author = {Hucka, Michael and Finney, Andrew},
title = {{The \{SBW-CORBA G\}ateway}},
year = {2002}
}
@misc{openorb:2002,
author = {OpenORB},
howpublished = {Available via the World Wide Web at $\backslash$url\{http://openorb.sourceforge.net/\}},
title = {{\{The Community OpenORB\} Version 1.3.0}},
year = {2002}
}
@article{chong:2002,
author = {Chong, Lisa and Ray, L.\~{}Bryan},
month = mar,
number = {5560},
pages = {1661},
title = {{Whole-istic Biology}},
volume = {295},
year = {2002}
}
@inproceedings{hucka:2002,
author = {Hucka, Michael and Finney, Andrew and Sauro, Herbert\~{}M. and Bolouri, Hamid and Doyle, John\~{}C. and Kitano, Hiroaki},
booktitle = {Pacific Symposium on Biocomputing 2002},
editor = {Altman, Russ\~{}B. and Dunker, A.\~{}Keith and Lawrence\~{}Hunker and Lauderdale, Kevin and Klein, Teri\~{}E.},
publisher = {World Scientific Press},
title = {{The \{ERATO\} \{S\}ystems \{B\}iology \{W\}orkbench: Enabling Interaction and Exchange Between Software Tools for Computational Biology}},
year = {2002}
}
@article{finney:2002b,
author = {Finney, Andrew and Hucka, Michael},
howpublished = {Available via the World Wide Web at $\backslash$url\{http://www.cds.caltech.edu/erato/sbw/docs/\}},
journal = {\ldots via the World Wide Web at \ldots},
title = {{Systems Biology Workbench C programmer's manual}},
url = {http://sbase.sbml.org/images/6/6b/Cprogrammersmanual.pdf},
year = {2002}
}
@misc{hucka:2002b,
author = {Hucka, Michael and Finney, Andrew and Sauro, Herbert\~{}M. and Bolouri, Hamid and Hucka, Michael and Finney, Andrew and Bolouri, Hamid},
howpublished = {Available via the World Wide Web at $\backslash$url\{http://www.cds.caltech.edu/erato/sbw/docs\}},
title = {{Systems \{B\}iology \{W\}orkbench \{Java\}$\backslash$textsuperscript\{$\backslash$tiny\{$\backslash$texttrademark\}\} Programmer's Manual}},
year = {2002}
}
@book{hughes:1999,
author = {Harold, E},
publisher = {Manning Publications Co.},
title = {{Java network programming}},
url = {http://books.google.com/books?hl=en\&lr=\&id=NyxObrhTv5oC\&oi=fnd\&pg=PT9\&dq=Java+Network+Programming\&ots=1eeNyFXqPU\&sig=Zu6spkRPOEptC-75F6OvbYcOqBg},
year = {2004}
}
@book{harold:2001,
author = {Harold, E.\~{}R. and Means, WS and Udemadu, K},
title = {{XML in a Nutshell}},
url = {http://jucs.org/jucs\_14\_11/a\_workflow\_language\_for/jucs\_14\_11\_1838\_1856\_montoto.pdf},
year = {2004}
}
@book{flanagan:1999,
address = {Sebastopol, CA, USA},
author = {Flanagan, D},
title = {{Java in a Nutshell}},
url = {http://books.google.com/books?hl=en\&lr=\&id=mvzgNSmHEUAC\&oi=fnd\&pg=PT9\&dq=Java+in+a+Nutshell\&ots=3oY4uuiptV\&sig=7e5jX\_Ns6kfmsIj2PR8SpM26Kug},
year = {2005}
}
@incollection{morohashi:2001,
author = {Morohashi, Mineo and Hucka, Michael and Sauro, Herbert\~{}M. and Finney, Andrew and Bolouri, Hamid and Doyle, John\~{}C. and Kitano, Hiroaki},
booktitle = {Development of Systems Biology},
chapter = {1},
editor = {Kitano, Hiroaki},
pages = {25--36},
publisher = {Sprinter-Verlag Tokyo},
title = {{Systems \{B\}iology \{W\}orkbench}}
}
