\begin{thebibliography}{}

\bibitem[\protect\astroncite{Adalsteinsson et~al.}{2004}]{Adalsteinsson:2004}
Adalsteinsson, D., McMillen, D., and Elston, T.~C. (2004).
\newblock {Biochemical Network Stochastic Simulator (BioNetS): software for
  stochastic modeling of biochemical networks}.
\newblock {\em BMC Bioinformatics}, 5:24--24.

\bibitem[\protect\astroncite{Alon}{2006}]{AlonBook}
Alon, U. (2006).
\newblock {\em {An Introduction to Systems Biology: Design Principles of
  Biological Circuits (Chapman \& Hall/Crc Mathematical and Computational
  Biology Series)}}.
\newblock {Chapman \& Hall/CRC}.

\bibitem[\protect\astroncite{Alves et~al.}{2006}]{Alves:2006}
Alves, R., Antunes, F., and Salvador, A. (2006).
\newblock {Tools for kinetic modeling of biochemical networks}.
\newblock {\em Nat Biotechnol}, 24(6):667--672.

\bibitem[\protect\astroncite{Ander et~al.}{2004}]{Ander:2004}
Ander, M., Beltrao, P., {Di Ventura}, B., Ferkinghoff-Borg, J., Foglierini, M.,
  Kaplan, A., Lemerle, C., Tom{\'a}s-Oliveira, I., and Serrano, L. (2004).
\newblock {SmartCell, a framework to simulate cellular processes that combines
  stochastic approximation with diffusion and localisation: analysis of simple
  networks}.
\newblock {\em Syst Biol (Stevenage)}, 1(1):129--138.

\bibitem[\protect\astroncite{Anderson et~al.}{1999}]{Lapack:1999}
Anderson, E., McKenney, A., Sorensen, D., Bai, Z., Bischof, C., Blackford, L.,
  Demmel, J., Dongarra, J., {Du Croz}, J., Hammarling, S., et~al. (1999).
\newblock {\em {LAPACK Users' guide}}.
\newblock Society for Industrial and Applied Mathematics Philadelphia, PA, USA.

\bibitem[\protect\astroncite{Andreas et~al.}{2008}]{andreas:2008}
Andreas, D., Nadine, H., Jochen, S., Adrian, S., and Andreas, Z. (2008).
\newblock {SBMLsqueezer: A CellDesigner plug-in to generate kinetic rate
  equations for biochemical networks}.
\newblock {\em BMC Systems Biology}, 2:39.

\bibitem[\protect\astroncite{Arkin et~al.}{1998}]{ArkinLambda1998}
Arkin, A., Ross, J., and McAdams, H.~H. (1998).
\newblock {Stochastic kinetic analysis of developmental pathway bifurcation in
  phage lambda-infected Escherichia coli cells.}
\newblock {\em Genetics}, 149:1633--48.

\bibitem[\protect\astroncite{Back et~al.}{1992}]{DSTool:1992}
Back, A., Guckenheimer, J., Myers, M., Wicklin, F., and Worfolk, P. (1992).
\newblock {DsTool: Computer assisted exploration of dynamical systems}.
\newblock {\em Notices Amer. Math. Soc}, 39(4):303--309.

\bibitem[\protect\astroncite{Bergmann and Sauro}{2008}]{bergmann:2008}
Bergmann, F. and Sauro, H. (2008).
\newblock {Comparing Simulation Results of SBML Capable Simulators}.
\newblock {\em Bioinformatics}.

\bibitem[\protect\astroncite{Bergmann and Sauro}{2006}]{BergmannShortHand}
Bergmann, F.~T. and Sauro, H.~M. (2006).
\newblock {Human Readable Model Definition Language}.
\newblock \url{http://sys-bio.org/sbwWiki}.

\bibitem[\protect\astroncite{Bergmann et~al.}{2006}]{BergmannCP:2006}
Bergmann, F.~T., Vallabhajosyula, R.~R., and Sauro, H.~M. (October 2006).
\newblock {Computational Tools for Modeling Protein Networks}.
\newblock {\em Current Proteomics}, 3:181--197(17).

\bibitem[\protect\astroncite{Bhalla}{2002}]{kinetikit:2002}
Bhalla, U.~S. (2002).
\newblock {Use of Kinetikit and GENESIS for modeling signaling pathways.}
\newblock {\em Methods Enzymol}, 345:3--23.

\bibitem[\protect\astroncite{Blinov et~al.}{2004}]{Blinov:2004}
Blinov, M.~L., Faeder, J.~R., Goldstein, B., and Hlavacek, W.~S. (2004).
\newblock {BioNetGen: software for rule-based modeling of signal transduction
  based on the interactions of molecular domains}.
\newblock {\em Bioinformatics}, 20(17):3289--3291.

\bibitem[\protect\astroncite{Bornstein et~al.}{2008}]{libSBML:2008}
Bornstein, B., Keating, S., Jouraku, A., and Hucka, M. (2008).
\newblock {LibSBML: an API Library for SBML}.
\newblock {\em Bioinformatics}, 24(6):880.

\bibitem[\protect\astroncite{Bower and Beeman}{1998}]{Genesis:1998}
Bower, J. and Beeman, D. (1998).
\newblock {\em {The book of GENESIS: exploring realistic neural models with the
  GEneral NEural SImulation System}}.
\newblock Springer-Verlag New York, Inc. New York, NY, USA.

\bibitem[\protect\astroncite{Broderick et~al.}{2005}]{Broderick:2005}
Broderick, G., Ru'aini, M., Chan, E., and Ellison, M.~J. (2005).
\newblock {A life-like virtual cell membrane using discrete automata}.
\newblock {\em In Silico Biol}, 5(2):163--178.

\bibitem[\protect\astroncite{Burns}{1969}]{Burns1969}
Burns, J. (1969).
\newblock {Steady states of general multi-enzyme networks and their associated
  properties. Computational approaches.}
\newblock {\em FEBS Lett}, 2 Suppl 1:S30--S33.

\bibitem[\protect\astroncite{Burns}{1971}]{Bu71}
Burns, J.~A. (1971).
\newblock {\em {Studies on Complex Enzyme Systems}}.
\newblock PhD thesis, University of Edinburgh.
\newblock \url{http://www.sys-bio.org/BurnsThesis}.

\bibitem[\protect\astroncite{Carnevale and Hines}{2006}]{NeuronBook:2006}
Carnevale, N. and Hines, M. (2006).
\newblock {\em {The NEURON Book}}.
\newblock Cambridge University Press.

\bibitem[\protect\astroncite{Chance}{1943}]{chance:1943}
Chance, B. (1943).
\newblock {The Kinetics of the Enzyme-Substrate Compound of Peroxidase}.
\newblock {\em Journal of Biological Chemistry}, 151(2):553--577.

\bibitem[\protect\astroncite{Cheng et~al.}{2005}]{Sigmoid:2005}
Cheng, J., Scharenbroich, L., Baldi, P., and {. Mjolsness} (2005).
\newblock {Sigmoid: A Software Infrastructure for Pathway Bioinformatics and
  Systems Biology}.
\newblock {\em IEEE Intelligent Systems}, 20(3):68--75.

\bibitem[\protect\astroncite{Chickarmane et~al.}{2007}]{ChickarmaneP53:2007}
Chickarmane, V., R., A., Sauro, H.~M., and Nadim, A. (2007).
\newblock {A Model for p53 Dynamics Triggered by DNA Damage}.
\newblock {\em SIAM Journal on Applied Dynamical Systems}, 6(1):61--78.

\bibitem[\protect\astroncite{Coggan et~al.}{2005}]{Coggan:2005}
Coggan, J.~S., Bartol, T.~M., Esquenazi, E., Stiles, J.~R., Lamont, S.,
  Martone, M.~E., Berg, D.~K., Ellisman, M.~H., and Sejnowski, T.~J. (2005).
\newblock {Evidence for ectopic neurotransmission at a neuronal synapse}.
\newblock {\em Science}, 309(5733):446--451.

\bibitem[\protect\astroncite{Cook and Atkins}{1997}]{Cook:1997}
Cook, D.~L. and Atkins, W.~M. (1997).
\newblock {Enhanced detoxication due to distributive catalysis and toxic
  thresholds: a kinetic analysis}.
\newblock {\em Biochemistry}, 36(36):10801--10806.

\bibitem[\protect\astroncite{Cook et~al.}{2001}]{Cook:2001}
Cook, D.~L., Farley, J.~F., and Tapscott, S.~J. (2001).
\newblock {A basis for a visual language for describing, archiving and
  analyzing functional models of complex biological systems}.
\newblock {\em Genome Biol}, 2(4)(4).

\bibitem[\protect\astroncite{Cox et~al.}{2003}]{cox:2003}
Cox, C., Peterson, G., Allen, M., Lancaster, J., McCollum, J., Austin, D., Yan,
  L., Sayler, G., and Simpson, M. (2003).
\newblock {Analysis of Noise in Quorum Sensing}.
\newblock {\em Omics A Journal of Integrative Biology}, 7(3):317--334.

\bibitem[\protect\astroncite{Curti et~al.}{2003}]{PiCalc:2003}
Curti, M., Degano, P., and Baldari, C.~T. (2003).
\newblock {Causal pi-Calculus for Biochemical Modelling}.
\newblock In {\em {CMSB '03: Proceedings of the First International Workshop on
  Computational Methods in Systems Biology}}, pages 21--33, London, UK.
  Springer-Verlag.

\bibitem[\protect\astroncite{Cyganowski et~al.}{2001}]{StochasticDiff:2001}
Cyganowski, S., Kloeden, P., and Ombach, J. (2001).
\newblock {\em {From Elementary Probability to Stochastic Differential
  Equations with MAPLE}}.
\newblock Springer.

\bibitem[\protect\astroncite{Deckard et~al.}{2006}]{Deckard2007}
Deckard, A., Bergmann, F.~T., and Sauro, H.~M. (2006).
\newblock {Supporting the {SBML} layout extension.}
\newblock {\em Bioinformatics}, 22(23):2966--2967.

\bibitem[\protect\astroncite{Degenring et~al.}{2004}]{Degenring:2004}
Degenring, D., R{\"o}hl, M., and Uhrmacher, A.~M. (2004).
\newblock {Discrete event, multi-level simulation of metabolite channeling}.
\newblock {\em Biosystems}, 75(1-3):29--41.

\bibitem[\protect\astroncite{Dhar et~al.}{2004}]{Dhar:2004}
Dhar, P., Meng, T.~C., Somani, S., Ye, L., Sairam, A., Chitre, M., Hao, Z., and
  Sakharkar, K. (2004).
\newblock {Cellware--a multi-algorithmic software for computational systems
  biology}.
\newblock {\em Bioinformatics}, 20(8):1319--1321.

\bibitem[\protect\astroncite{Doedel}{1981}]{Do81}
Doedel, E.~J. (1981).
\newblock {Auto: a program for the automatic bifurcation analysis of autonomous
  systems.}
\newblock In {\em {Proc. Manitoba Conf. Num. Math. Comput., 10th, Winnipeg,
  Canada}}.
\newblock [Congressus Numeratium, 30:265--284].

\bibitem[\protect\astroncite{Ermentrout}{2002}]{XPPAUT:2002}
Ermentrout, B. (2002).
\newblock {\em {Simulating, Analyzing, and Animating Dynamical Systems: A Guide
  to Xppaut for Researchers and Students}}.
\newblock Society for Industrial Mathematics; 1st edition.

\bibitem[\protect\astroncite{Evans et~al.}{2008}]{Evans:2007}
Evans, T.~W., Gillespie, C.~S., and Wilkinson, D.~J. (2008).
\newblock {The SBML Discrete Stochastic Models Test Suite}.
\newblock {\em Bioinformatics}, 24(2):285--286.

\bibitem[\protect\astroncite{Fell and Small}{1986}]{FSm86a}
Fell, D.~A. and Small, J.~R. (1986).
\newblock {Fat synthesis in adipose tissue: an examination of stoichiometric
  constraints.}
\newblock {\em Biochem. J.}, 238:781--786.

\bibitem[\protect\astroncite{Finney and Hucka}{2003}]{Finney2003}
Finney, A. and Hucka, M. (2003).
\newblock {Systems biology markup language: Level 2 and beyond}.
\newblock {\em Biochemical Society Transactions}, 31(6):1472--1473.

\bibitem[\protect\astroncite{Garfinkel}{1968}]{Ga68}
Garfinkel, D. (1968).
\newblock {A Machine-Independent Language for the Simulation of Complex
  Chemical and Biochemical Systems.}
\newblock {\em Comput. Biomed. Res.}, 2:31--44.

\bibitem[\protect\astroncite{Garfinkel et~al.}{1970}]{Garfinkel:1970}
Garfinkel, D., Garfinkel, L., Pring, M., Green, S.~B., and Chance, B. (1970).
\newblock {Computer applications to biochemical kinetics}.
\newblock {\em Annu Rev Biochem}, 39:473--498.

\bibitem[\protect\astroncite{Garny et~al.}{2003}]{Garny:2003}
Garny, A., Kohl, P., and Noble., D. (2003).
\newblock {Cellular Open Resource (COR): A public CellML based environment for
  modeling biological function.}
\newblock {\em Int.J.Bifurcat.Chaos}, 12:3579--3590.

\bibitem[\protect\astroncite{Gauges et~al.}{2006}]{Guages2006}
Gauges, R., Kummer, U., Sahle, S., and Wegner, K. (2006).
\newblock {A Model Diagram Layout Extension for {SBML}}.
\newblock {\em Bioinformatics}, 22(15):1879--1885.

\bibitem[\protect\astroncite{Geva-Zatorsky et~al.}{2006}]{GevaZatorsky:2006}
Geva-Zatorsky, N., Rosenfeld, N., Itzkovitz, S., Milo, R., Sigal, A., Dekel,
  E., Yarnitzky, T., Liron, Y., Polak, P., Lahav, G., and Alon, U. (2006).
\newblock {Oscillations and variability in the p53 system}.
\newblock {\em Mol Syst Biol}, 2:2006--2006.

\bibitem[\protect\astroncite{Gillespie}{1976}]{Gill:1976}
Gillespie, D.~T. (1976).
\newblock {A General Method for Numerically Simulating the Stochastic Time
  Evolution of Coupled Chemical Reactions}.
\newblock {\em J.Comp. Phys.}, 22:403--434.

\bibitem[\protect\astroncite{Gillespie}{2007}]{Gillespie:2007}
Gillespie, D.~T. (2007).
\newblock {Stochastic simulation of chemical kinetics}.
\newblock {\em Annu Rev Phys Chem}, 58:35--55.

\bibitem[\protect\astroncite{Ginkel et~al.}{2003}]{Ginkel:2003}
Ginkel, M., Kremling, A., Nutsch, T., Rehner, R., and Gilles, E.~D. (2003).
\newblock {Modular modeling of cellular systems with ProMoT/Diva}.
\newblock {\em Bioinformatics}, 19(9):1169--1176.

\bibitem[\protect\astroncite{Hattne et~al.}{2005}]{Hattne:2005}
Hattne, J., Fange, D., and Elf, J. (2005).
\newblock {Stochastic reaction-diffusion simulation with MesoRD}.
\newblock {\em Bioinformatics}, 21(12):2923--2924.

\bibitem[\protect\astroncite{Hedley et~al.}{2001}]{hedley:2001b}
Hedley, W.~J., Melanie, N.~R., Bullivant, D., Cuellar, A., Ge, Y., Grehlinger,
  M., Jim, K., Lett, S., Nickerson, D., Nielsen, P., and Yu, H. (2001).
\newblock {CellML Specification}.
\newblock Available via the World Wide Web at {\tt http://www.cellml.org}.

\bibitem[\protect\astroncite{Henzinger}{2007}]{Fisher2007}
Henzinger, J. F. . T.~A. (2007).
\newblock {Executable cell biology}.
\newblock {\em Nature Biotechnology}, 25:1239--1249.

\bibitem[\protect\astroncite{Hindmarsh}{1983}]{HIND83}
Hindmarsh, A.~C. (1983).
\newblock {ODEPACK, a systematized collection of ode solvers in scientific
  computing.}
\newblock In Stepleman, R., editor, {\em {Scientific Computing}}, pages 55--64.
  North-Holland, Amsterdam.

\bibitem[\protect\astroncite{Hindmarsh et~al.}{2005}]{CVODE:2005}
Hindmarsh, A.~C., Brown, P.~N., Grant, K.~E., Lee, S.~L., Serban, R., Shumaker,
  D.~E., and Woodward, C.~S. (2005).
\newblock {SUNDIALS: Suite of nonlinear and differential/algebraic equation
  solvers}.
\newblock {\em ACM Trans. Math. Softw.}, 31(3):363--396.

\bibitem[\protect\astroncite{Hines}{1993}]{Neuron:1993}
Hines, M. (1993).
\newblock {\em {NEURON - program for simulation of nerve equations}}.

\bibitem[\protect\astroncite{Hofmeyr and van~der Merwe}{1986}]{HM86}
Hofmeyr, J.~H. and van~der Merwe, K.~J. (1986).
\newblock {METAMOD: software for steady-state modelling and control analysis of
  metabolic pathways on the BBC microcomputer.}
\newblock {\em Comp. Appl. Biosci.}, 2:243--249.

\bibitem[\protect\astroncite{Hoops et~al.}{2006}]{Copasi2006}
Hoops, S., Sahle, S., Gauges, R., Lee, C., Pahle, J., Simus, N., Singhal, M.,
  Xu, L., Mendes, P., and Kummer, U. (2006).
\newblock {{COPASI}--a COmplex PAthway SImulator}.
\newblock {\em Bioinformatics}, 22(24):3067--3074.

\bibitem[\protect\astroncite{Hucka et~al.}{2003}]{hucka:2002d}
Hucka, M., Finney, A., Sauro, H.~M., Bolouri, H., Doyle, J.~C., Kitano, H.,
  Arkin, A.~P., Bornstein, B.~J., Bray, D., Cornish-Bowden, A., Cuellar, A.~A.,
  Dronov, S., Gilles, E.~D., Ginkel, M., Gor, V., Goryanin, I.~I., Hedley,
  W.~J., Hodgman, T.~C., Hofmeyr, J.~H., Hunter, P.~J., Juty, N.~S., Kasberger,
  J.~L., Kremling, A., Kummer, U., Le~Nov{\`e}re, N., Loew, L.~M., Lucio, D.,
  Mendes, P., Mjolsness, E.~D., Nakayama, Y., Nelson, M.~R., Nielsen, P.~F.,
  Sakurada, T., Schaff, J.~C., Shapiro, B.~E., Shimizu, T.~S., Spence, H.~D.,
  Stelling, J., Takahashi, K., Tomita, M., Wagner, J., and Wang, J. (2003).
\newblock {The {Systems Biology Markup Language} ({SBML}): A Medium for
  Representation and Exchange of Biochemical Network Models}.
\newblock {\em Bioinformatics}, 19:524--531.

\bibitem[\protect\astroncite{Kacser and Burns}{1973}]{KB73}
Kacser, H. and Burns, J.~A. (1973).
\newblock {The Control of Flux}.
\newblock In Davies, D.~D., editor, {\em {Rate Control of Biological
  Processes}}, volume~27 of {\em {Symp. Soc. Exp. Biol.}}, pages 65--104.
  Cambridge University Press.

\bibitem[\protect\astroncite{Kauffman et~al.}{2003}]{Kauffman:2003}
Kauffman, K.~J., Prakash, P., and Edwards, J.~S. (2003).
\newblock {Advances in flux balance analysis}.
\newblock {\em Curr Opin Biotechnol}, 14(5):491--496.

\bibitem[\protect\astroncite{Keating et~al.}{2006}]{Keating:2006}
Keating, S.~M., Bornstein, B.~J., Finney, A., and Hucka, M. (2006).
\newblock {SBMLToolbox: an SBML toolbox for MATLAB users}.
\newblock {\em Bioinformatics}, 22(10):1275--1277.

\bibitem[\protect\astroncite{Kholodenko}{2006}]{Kholodenko:2006}
Kholodenko, B.~N. (2006).
\newblock {Cell-signalling dynamics in time and space}.
\newblock {\em Nat Rev Mol Cell Biol}, 7(3):165--176.

\bibitem[\protect\astroncite{Kitano et~al.}{2005}]{Kitano:2005:Nat-Biotechnol}
Kitano, H., Funahashi, A., Matsuoka, Y., and Oda, K. (2005).
\newblock {Using process diagrams for the graphical representation of
  biological networks}.
\newblock {\em Nat Biotechnol}, 23(8):961--966.

\bibitem[\protect\astroncite{Klamt et~al.}{2007}]{Klamt:2007}
Klamt, S., Saez-Rodriguez, J., and Gilles, E.~D. (2007).
\newblock {Structural and functional analysis of cellular networks with
  CellNetAnalyzer}.
\newblock {\em BMC Syst Biol}, 1:2--2.

\bibitem[\protect\astroncite{Klipp et~al.}{2005}]{Klipp:2005}
Klipp, E., Herwig, R., Kowald, A., Wierling, C., and Lehrach, H. (2005).
\newblock {\em {Systems Biology in Practice}}.
\newblock Wiley-VCH Verlag, Weinheim.

\bibitem[\protect\astroncite{Kolpakov}{2004}]{kolpakov:2004}
Kolpakov, F. (2004).
\newblock {BioUML---open source extensible workbench for systems biology}.
\newblock pages 25--30.

\bibitem[\protect\astroncite{Kraus et~al.}{1992}]{Kraus:1992}
Kraus, M., Lais, P., and Wolf, B. (1992).
\newblock {Structured biological modelling: a method for the analysis and
  simulation of biological systems applied to oscillatory intracellular calcium
  waves.}
\newblock {\em BioSystems}, 27:145--169.

\bibitem[\protect\astroncite{Kubicek}{1976}]{Kub76}
Kubicek, M. (1976).
\newblock {Algorithm 502. Dependence of solution of nonlinear systems on a
  parameter.}
\newblock {\em ACM Trans. on Math. Software}, 2:98--107.

\bibitem[\protect\astroncite{Kubicek and Marek}{1983}]{Kub83}
Kubicek, M. and Marek, M. (1983).
\newblock {\em {Computational Methods in Bifurcation Theory and Dissipative
  Structures.}}
\newblock {Springer Series in Computational Physics}. Springer-Verlag.

\bibitem[\protect\astroncite{Kurata et~al.}{2007}]{Kurata:2007}
Kurata, H., Inoue, K., Maeda, K., Masaki, K., Shimokawa, Y., and Zhao, Q.
  (2007).
\newblock {Extended CADLIVE: a novel graphical notation for design of
  biochemical network maps and computational pathway analysis}.
\newblock {\em Nucleic Acids Res}, 35(20).

\bibitem[\protect\astroncite{{Le Nov{\`e}re}}{2006}]{BioModels:2006}
{Le Nov{\`e}re}, N. (2006).
\newblock {Model storage, exchange and integration}.
\newblock {\em BMC Neurosci}, 7 Suppl 1:S11.

\bibitem[\protect\astroncite{{Le Nov{\`e}re} et~al.}{2005}]{miriam}
{Le Nov{\`e}re}, N., Finney, A., Hucka, M., Bhalla, U.~S., Campagne, F.,
  Collado-Vides, J., Crampin, E.~J., Halstead, M., Klipp, E., Mendes, P.,
  Nielsen, P., Sauro, H., Shapiro, B., Snoep, J.~L., Spence, H.~D., and Wanner,
  B.~L. (2005).
\newblock {Minimum Information Requested In theAannotation of biochemical
  Models ({MIRIAM}).}
\newblock {\em Nature biotechnology}, 23(12):1509--1515.

\bibitem[\protect\astroncite{{Le Nov{\`e}re} and Shimizu}{2001}]{LeNovere:2001}
{Le Nov{\`e}re}, N. and Shimizu, T.~S. (2001).
\newblock {STOCHSIM: modelling of stochastic biomolecular processes}.
\newblock {\em Bioinformatics}, 17(6):575--576.

\bibitem[\protect\astroncite{Lee et~al.}{2006}]{Papin:2006}
Lee, J.~M., Gianchandani, E.~P., and Papin, J.~A. (2006).
\newblock {Flux balance analysis in the era of metabolomics}.
\newblock {\em Brief Bioinform}, 7(2):140--150.

\bibitem[\protect\astroncite{Lemerle et~al.}{2005}]{Lemerle:2005}
Lemerle, C., {Di Ventura}, B., and Serrano, L. (2005).
\newblock {Space as the final frontier in stochastic simulations of biological
  systems}.
\newblock {\em FEBS Lett}, 579(8):1789--1794.

\bibitem[\protect\astroncite{Levenberg}{1944}]{levenberg:1944}
Levenberg, K. (1944).
\newblock {A method for the solution of certain nonlinear problems in least
  squares}.
\newblock {\em Q. Appl. Math}, 2:164--168.

\bibitem[\protect\astroncite{Li et~al.}{2007}]{StochKit:2007}
Li, H., Cao, Y., Petzold, L., and Gillespie, D. (2007).
\newblock {Algorithms and Software for Stochastic Simulation of Biochemical
  Reacting Systems}.
\newblock {\em Biotechnology Progress}, Web Release Date: September 26.

\bibitem[\protect\astroncite{Lloyd et~al.}{2004}]{LloydCellML2004}
Lloyd, C.~M., Halstead, M.~D., and Nielsen, P.~F. (2004).
\newblock {{CellML}: its future, present and past.}
\newblock {\em Prog Biophys Mol Biol.}, 85:433--50.

\bibitem[\protect\astroncite{Lloyd et~al.}{2008}]{Lloyd:2008}
Lloyd, C.~M., Lawson, J.~R., Hunter, P.~J., and Nielsen, P.~F. (2008).
\newblock {The {CellML} Model Repository}.
\newblock {\em Bioinformatics}.

\bibitem[\protect\astroncite{Luciano and Stevens}{2007}]{BioPax:2007}
Luciano, J.~S. and Stevens, R.~D. (2007).
\newblock {e-Science and biological pathway semantics}.
\newblock {\em BMC Bioinformatics}, 8 Suppl 3:8 Suppl 3: S3.

\bibitem[\protect\astroncite{Machn{\'e} et~al.}{2006}]{Machne:2006}
Machn{\'e}, R., Finney, A., M{\"u}ller, S., Lu, J., Widder, S., and Flamm, C.
  (2006).
\newblock {The SBML ODE Solver Library: a native API for symbolic and fast
  numerical analysis of reaction networks}.
\newblock {\em Bioinformatics}, 22(11):1406--1407.

\bibitem[\protect\astroncite{Maiwald and Timmer}{2008}]{PottersWheel:2008}
Maiwald, T. and Timmer, J. (2008).
\newblock {Dynamical Modeling and Multi-Experiment Fitting with PottersWheel}.
\newblock {\em Bioinformatics}.
\newblock doi:10.1093/bioinformatics/btn350.

\bibitem[\protect\astroncite{Manninen et~al.}{2006}]{Manninen:2006}
Manninen, T., Makiraatikka, E., Ylipaa, A., Pettinen, A., Leinonen, K., and
  Linne, M.~L. (2006).
\newblock {Discrete stochastic simulation of cell signaling: comparison of
  computational tools}.
\newblock {\em Conf Proc IEEE Eng Med Biol Soc}, 1:2013--2016.

\bibitem[\protect\astroncite{Marquardt}{1963}]{marquardt:1963}
Marquardt, D. (1963).
\newblock {An algorithm for least-squares estimation of nonlinear parameters}.
\newblock {\em J. Soc. Ind. Appl. Math}, 11(2):431--441.

\bibitem[\protect\astroncite{McCollum et~al.}{2003}]{mccollum:2003}
McCollum, J., Lancaster, J., Bouldin, D., and Peterson, G. (2003).
\newblock {Hardware acceleration of pseudo-random number generation for
  simulation applications}.
\newblock {\em System Theory, 2003. Proceedings of the 35th Southeastern
  Symposium on}, pages 299--303.

\bibitem[\protect\astroncite{Mendes}{1993}]{Gepasi:1993}
Mendes, P. (1993).
\newblock {{GEPASI}: A software package for modelling the dynamics, steady
  states and control of biochemical and other systems.}
\newblock {\em Comput. Applic. Biosci.}, 9:563--571.

\bibitem[\protect\astroncite{Moles et~al.}{2003}]{Moles:2003}
Moles, C.~G., Mendes, P., and Banga, J.~R. (2003).
\newblock {Parameter estimation in biochemical pathways: a comparison of global
  optimization methods}.
\newblock {\em Genome Res}, 13(11):2467--2474.

\bibitem[\protect\astroncite{Moniz-Barreto and Fell}{1993}]{MonizBarreto:1993}
Moniz-Barreto, P. and Fell, D.~A. (1993).
\newblock {Simulation of dioxygen free radical reactions}.
\newblock {\em Biochem Soc Trans}, 21 ( Pt 3)(3):256--256.

\bibitem[\protect\astroncite{Moraru et~al.}{2002}]{VCell:2002}
Moraru, I., Schaff, J.~C., Slepchenko, B.~M., and Lowe, L.~M. (2002).
\newblock {The Virtual Cell: An Integrated Modeling Environment for
  Experimental and Computational Cell Biology}.
\newblock {\em Ann NY Acad Sci}, 971(1):595--596.

\bibitem[\protect\astroncite{Myers et~al.}{2007}]{SloppyCell:2007}
Myers, C.~R., Gutenkunst, R.~N., and Sethna, J.~P. (2007).
\newblock {Python Unleashed on Systems Biology}.
\newblock {\em Computing in Science and Engg.}, 9(3):34--37.

\bibitem[\protect\astroncite{Nelder and Mead}{1965}]{nelder:1965}
Nelder, J. and Mead, R. (1965).
\newblock {A Simplex Method for Function Minimization}.
\newblock {\em The Computer Journal}, 7(4):308.

\bibitem[\protect\astroncite{Neves and Iyengar}{2002}]{neves:2002}
Neves, S. and Iyengar, R. (2002).
\newblock {Modeling of signaling networks}.
\newblock {\em BioEssays}, 24(12):1110--1117.

\bibitem[\protect\astroncite{Olivier and Snoep}{2004}]{olivier:2004}
Olivier, B. and Snoep, J. (2004).
\newblock {Web-based kinetic modelling using JWS Online}.
\newblock {\em Bioinformatics}, 20(13):2143--2144.

\bibitem[\protect\astroncite{Olivier et~al.}{2005}]{Pysces2005}
Olivier, B.~G., Rohwer, J.~M., and Hofmeyr, J.~H. (2005).
\newblock {Modelling cellular systems with PySCeS.}
\newblock {\em Bioinformatics}, 21:560--1.

\bibitem[\protect\astroncite{Palsson}{2007}]{PalssonBook:2007}
Palsson, B.~O. (2007).
\newblock {\em {Systems Biology: Properties of Reconstructed Networks}}.
\newblock Cambridge University Press.

\bibitem[\protect\astroncite{Park and Wright}{1973}]{PW73}
Park, D. J.~M. and Wright, B.~E. (1973).
\newblock {METASIM, A General Purpose Metabolic Simulator for Studying Cellular
  Transformations.}
\newblock {\em Comput. Progm. Biomed.}, 3:10--26.

\bibitem[\protect\astroncite{Pedersen and Plotkin}{2008}]{Pederson:LBS:2008}
Pedersen, M. and Plotkin, G. (2008).
\newblock {A Language for Biochemical Systems}.
\newblock In {\em {Computational Methods in Systems Biology}}. Springer.
\newblock in press,
  \url{http://homepages.inf.ed.ac.uk/s0677975/papers/lbs.pdf}.

\bibitem[\protect\astroncite{Peterson and Lancaster}{2002}]{peterson:2002}
Peterson, G.~D. and Lancaster, J.~M. (2002).
\newblock {Stochastic simulation of biological cellular processes using
  VHDL-AMS}.
\newblock {\em Behavioral Modeling and Simulation, 2002. BMAS 2002. Proceedings
  of the 2002 IEEE International Workshop on}, pages 118--122.

\bibitem[\protect\astroncite{Poolman}{2006}]{Poolman:2006}
Poolman, M.~G. (2006).
\newblock {ScrumPy: metabolic modelling with Python}.
\newblock {\em IEE Proc Syst Biol}, 153(5):375--378.

\bibitem[\protect\astroncite{Price et~al.}{2003}]{Price03}
Price, N.~D., Papin, J.~A., Schilling, C.~H., and Palsson, B.~O. (2003).
\newblock {Genome-scale microbial in silico models: the constraints-based
  approach}.
\newblock {\em Trends in Biotechnology}, 21:162--169.

\bibitem[\protect\astroncite{Ramsey et~al.}{2005}]{Ramsey:2005}
Ramsey, S., Orrell, D., and Bolouri, H. (2005).
\newblock {Dizzy: stochastic simulation of large-scale genetic regulatory
  networks}.
\newblock {\em J Bioinform Comput Biol}, 3(2):415--436.

\bibitem[\protect\astroncite{Rao et~al.}{2002}]{RaoNature2002}
Rao, R., Wolf, D.~M., and Arkin, A.~P. (2002).
\newblock {Control, exploitation and tolerance of intracellular noise}.
\newblock {\em Nature}, 420:231--237.

\bibitem[\protect\astroncite{Raymond et~al.}{2003}]{JSim:2003}
Raymond, G.~M., Butterworth, E., and Bassingthwaighte, J.~B. (2003).
\newblock {JSIM: Free software package for teaching physiological modeling and
  research.}
\newblock {\em Exper Biol}, 280.5:102.

\bibitem[\protect\astroncite{Reder}{1988}]{Re88a}
Reder, C. (1988).
\newblock {Metabolic Control Theory: A Structural Approach.}
\newblock {\em J. Theor. Biol.}, 135:175--201.

\bibitem[\protect\astroncite{Reich and Selkov}{1981}]{Re81}
Reich, J.~G. and Selkov, E.~E. (1981).
\newblock {\em {Energy metabolism of the cell}}.
\newblock Academic Press, London.

\bibitem[\protect\astroncite{Rost and Kummer}{2004}]{Rost:2004}
Rost, U. and Kummer, U. (2004).
\newblock {Visualisation of biochemical network simulations with SimWiz}.
\newblock {\em Syst Biol (Stevenage)}, 1(1):184--189.

\bibitem[\protect\astroncite{Runarsson and Yao}{2005}]{SRES:2007}
Runarsson, T. and Yao, X. (2005).
\newblock {Search biases in constrained evolutionary optimization}.
\newblock {\em IEEE Transactions on Systems, Man and Cybernetics, Part C:
  Applications and Reviews.}, 35(2)(14):233--243.

\bibitem[\protect\astroncite{Salis et~al.}{2006}]{Salis:2006}
Salis, H., Sotiropoulos, V., and Kaznessis, Y.~N. (2006).
\newblock {Multiscale Hy3S: hybrid stochastic simulation for supercomputers}.
\newblock {\em BMC Bioinformatics}, 7:93--93.

\bibitem[\protect\astroncite{Sanford et~al.}{2006}]{Sanford:2006}
Sanford, C., Yip, M.~L., White, C., and Parkinson, J. (2006).
\newblock {Cell++--simulating biochemical pathways}.
\newblock {\em Bioinformatics}, 22(23):2918--2925.

\bibitem[\protect\astroncite{Sauro}{1993}]{SauroScamp:1993}
Sauro, H.~M. (1993).
\newblock {{SCAMP}: a general-purpose simulator and metabolic control analysis
  program}.
\newblock {\em Comput Appl Biosci}, 9(4):441--450.

\bibitem[\protect\astroncite{Sauro}{2000}]{sauro:2000}
Sauro, H.~M. (2000).
\newblock {Jarnac: A System for Interactive Metabolic Analysis}.
\newblock In Hofmeyr, J.-H.~S., Rohwer, J.~M., and Snoep, J.~L., editors, {\em
  {Animating the Cellular Map: Proceedings of the 9th International Meeting on
  {BioThermoKinetics}}}. Stellenbosch University Press.

\bibitem[\protect\astroncite{Sauro and Fell}{1991}]{SauroF91}
Sauro, H.~M. and Fell, D.~A. (1991).
\newblock {SCAMP: A metabolic simulator and control analysis program.}
\newblock {\em Mathl. Comput. Modelling}, 15:15--28.

\bibitem[\protect\astroncite{Sauro et~al.}{2003}]{Sauro:Omics}
Sauro, H.~M., Hucka, M., Finney, A., Wellock, C., Bolouri, H., Doyle, J., and
  Kitano, H. (2003).
\newblock {Next Generation Simulation Tools: The Systems Biology Workbench and
  BioSPICE Integration}.
\newblock {\em OMICS}, 7(4):355--372.

\bibitem[\protect\astroncite{Sauro and Ingalls}{2004}]{SauroIngalls:2004}
Sauro, H.~M. and Ingalls, B. (2004).
\newblock {Conservation analysis in biochemical networks: computational issues
  for software writers}.
\newblock {\em Biophys Chem}, 109(1):1--15.

\bibitem[\protect\astroncite{Savageau}{1972}]{SaCurrTop72}
Savageau, M.~A. (1972).
\newblock {The behaviour of intact biochemical control systems}.
\newblock {\em Curr. Topics Cell. Reg.}, 6:63--130.

\bibitem[\protect\astroncite{Schaff et~al.}{1997}]{Schaff:1997}
Schaff, J., Fink, C.~C., Slepchenko, B., Carson, J.~H., and Loew, L.~M. (1997).
\newblock {A general computational framework for modeling cellular structure
  and function}.
\newblock {\em Biophys J}, 73(3):1135--1146.

\bibitem[\protect\astroncite{Schilstra et~al.}{2006}]{Schilstra:2006}
Schilstra, M.~J., Li, L., Matthews, J., Finney, A., Hucka, M., and {Le
  Nov{\`e}re}, N. (2006).
\newblock {{CellML2SBML}: conversion of CellML into SBML}.
\newblock {\em Bioinformatics}, 22(8):1018--1020.

\bibitem[\protect\astroncite{Schmidt and Jirstrand}{2006}]{Henning:2006}
Schmidt, H. and Jirstrand, M. (2006).
\newblock {Systems Biology Toolbox for MATLAB: a computational platform for
  research in systems biology}.
\newblock {\em Bioinformatics}, 22(4):514--515.

\bibitem[\protect\astroncite{Schwender}{2008}]{Schwender:2008}
Schwender, J. (2008).
\newblock {Metabolic flux analysis as a tool in metabolic engineering of
  plants}.
\newblock {\em Curr Opin Biotechnol}, 19(2):131--137.

\bibitem[\protect\astroncite{Sedwards and Mazza}{2007}]{Sedwards:2007}
Sedwards, S. and Mazza, T. (2007).
\newblock {Cyto-Sim: a formal language model and stochastic simulator of
  membrane-enclosed biochemical processes}.
\newblock {\em Bioinformatics}, 23(20):2800--2802.

\bibitem[\protect\astroncite{Shannon et~al.}{2003}]{Shannon:2003}
Shannon, P., Markiel, A., Ozier, O., Baliga, N.~S., Wang, J.~T., Ramage, D.,
  Amin, N., Schwikowski, B., and Ideker, T. (2003).
\newblock {Cytoscape: a software environment for integrated models of
  biomolecular interaction networks}.
\newblock {\em Genome Res}, 13(11):2498--2504.

\bibitem[\protect\astroncite{Shapiro et~al.}{2004}]{Shapiro:2004}
Shapiro, B.~E., Hucka, M., Finney, A., and Doyle, J. (2004).
\newblock {MathSBML: a package for manipulating SBML-based biological models}.
\newblock {\em Bioinformatics}, 20(16):2829--2831.

\bibitem[\protect\astroncite{Slepchenko et~al.}{2003}]{VCell2003}
Slepchenko, B.~M., Schaff, J., Macara, I.~G., and Loew, L.~M. (2003).
\newblock {Quantitative Cell Biology with the Virtual Cell.}
\newblock {\em Trends in Cell Biology}, 13:570--576.

\bibitem[\protect\astroncite{Sorokin et~al.}{2006}]{EdinPathway:2006}
Sorokin, A., Paliy, K., Selkov, A., Demin, O.~V., Dronov, S., Ghazal, P., and
  Goryanin, I. (2006).
\newblock {The pathway editor: a tool for managing complex biological
  networks}.
\newblock {\em IBM J. Res. Dev.}, 50(6):561--573.

\bibitem[\protect\astroncite{Stiles and Bartol}{2001}]{MCell:2001}
Stiles, J.~R. and Bartol, T.~M. (2001).
\newblock {Monte Carlo Methods for Simulating Realistic Synaptic
  Microphysiology Using MCell}.
\newblock In Schutter, E.~D., editor, {\em {Computational Neuroscience:
  Realistic Modeling for Experimentalists}}, pages 87--127. CRC Press.

\bibitem[\protect\astroncite{Suderman and Hallett}{2007}]{Suderman:2007}
Suderman, M. and Hallett, M. (2007).
\newblock {Tools for visually exploring biological networks}.
\newblock {\em Bioinformatics}, 23(20):2651--2659.

\bibitem[\protect\astroncite{Tomita et~al.}{1999}]{ECELL}
Tomita, M., Hashimoto, K., Takahashi, K., Shimizu, T.~S., Matsuzaki, Y.,
  {Miyoshi F}, S.~K., Tanida, S., Yugi, K., Venter, J.~C., and Hutchison, C.~A.
  (1999).
\newblock {E-CELL: software environment for whole-cell simulation.}
\newblock {\em Bioinformatics}, 15:72--84.

\bibitem[\protect\astroncite{Tyson et~al.}{2001}]{TysonNatReview2001}
Tyson, J.~J., Chen, K., and Novak, B. (2001).
\newblock {Network Dynamics And Cell Physiology}.
\newblock {\em Nature Reviews Molecular Cell Biology}, 2:908--916.

\bibitem[\protect\astroncite{Tyson et~al.}{2002}]{TysonBioessay2002}
Tyson, J.~J., Csikasz-Nagy, A., and Novak, B. (2002).
\newblock {The dynamics of cell cycle regulation}.
\newblock {\em BioEssays}, 24:1095--1109.

\bibitem[\protect\astroncite{Ullah and Wolkenhauer}{2007}]{Ullah:2007}
Ullah, M. and Wolkenhauer, O. (2007).
\newblock {Family tree of Markov models in systems biology}.
\newblock {\em IET Syst Biol}, 1(4):247--254.

\bibitem[\protect\astroncite{Vacheva and Eils}{2006}]{VachevaE:2006}
Vacheva, I. and Eils, R. (2006).
\newblock {Computational Systems Biology Platforms (Computergest{\"u}tzte
  Systembiologieplattformen).}
\newblock {\em it - Information Technology}, 48(3):140--147.

\bibitem[\protect\astroncite{Vallabhajosyula et~al.}{2006}]{Ravi:2006}
Vallabhajosyula, R.~R., Chickarmane, V., and Sauro, H.~M. (2006).
\newblock {Conservation analysis of large biochemical networks}.
\newblock {\em Bioinformatics}, 22(3):346--353.

\bibitem[\protect\astroncite{Vallabhajosyula and Sauro}{2007}]{RoaSauro:2007}
Vallabhajosyula, R.~R. and Sauro, H.~M. (2007).
\newblock {Stochastic simulation GUI for biochemical networks}.
\newblock {\em Bioinformatics}, 23(14):1859--1861.

\bibitem[\protect\astroncite{Vass et~al.}{2004}]{VassJigCell:2004}
Vass, M., Allen, N., Shaffer, C.~A., Ramakrishnan, N., Watson, L.~T., and
  Tyson, J.~J. (2004).
\newblock {the JigCell model builder and run manager}.
\newblock {\em Bioinformatics}, 20(18):3680--3681.

\bibitem[\protect\astroncite{Wilkinson}{2007}]{SBMLShortHand}
Wilkinson, D. (2007).
\newblock {{SBML} Shorthand}.
\newblock \url{http://www.staff.ncl.ac.uk/d.j.wilkinson/software/sbml-sh/}.

\bibitem[\protect\astroncite{Wilkinson}{2006}]{Wilkinson:Book}
Wilkinson, D.~J. (2006).
\newblock {\em {Stochastic Modelling for Systems Biology}}.
\newblock Chapman and Hall.

\bibitem[\protect\astroncite{Williams et~al.}{1998}]{williams:1998}
Williams, T., Kelley, C., et~al. (1998).
\newblock {GNUPLOT: An Interactive Plotting Program}.
\newblock {\em Manual, version}, 3.

\bibitem[\protect\astroncite{Wright}{1934}]{Wright1934}
Wright, S. (1934).
\newblock {Physiological and Evolutionary Theories of Dominance}.
\newblock {\em The American Naturalist}, 68:24--53.

\bibitem[\protect\astroncite{Yoshimi et~al.}{2004}]{yoshimi2004}
Yoshimi, M., Osana, Y., Fukushima, T., and Amano, H. (2004).
\newblock {Stochastic simulation for biochemical reactions on FPGA}.
\newblock {\em The 14th International Conference on Field Programmable Logic
  and Applications}, 3203:105--114.

\bibitem[\protect\astroncite{Zi and Klipp}{2006}]{Zi:2006}
Zi, Z. and Klipp, E. (2006).
\newblock {{SBML-PET}: a Systems Biology Markup Language-based parameter
  estimation tool}.
\newblock {\em Bioinformatics}, 22(21):2704--2705.

\end{thebibliography}
