% This file was created with JabRef 2.8.1.
% Encoding: US-ASCII

@INCOLLECTION{FSS88,
  author = {D. A. Fell and H. M. Sauro and J. . Small},
  title = {Le calcul des coefficients de contr\^{o}le par l'alg\`{e}bre matricielle.},
  crossref = {MR88}
}

@INCOLLECTION{Hu82,
  author = {L. Hue},
  title = {Futile cycles and regulation of metabolism.},
  pages = {71-97},
  crossref = {Si82}
}

@INCOLLECTION{St70,
  author = {E. R. Stadtman},
  title = {Mechanisms of enzyme regulation in metabolism.},
  volume = {1},
  pages = {397-459},
  crossref = {enzymes}
}

@ARTICLE{DeJong2002,
  author = {H. deJong},
  title = {Modeling and Simulation of Genetic Regulatory Systems: A Literature
	Review},
  journal = {Journal Computational Biology},
  year = {2002},
  volume = {9},
  pages = {67-???103}
}

@BOOK{GridComputing:Abbas,
  title = {Grid Computing: A Practical Guide to Tech. and App.},
  publisher = {Firewall Media},
  year = {2004},
  author = {Abbas, A.}
}

@ARTICLE{abbott:1999,
  author = {Abbott, A},
  title = {{Alliance of US labs plans to build map of cell signalling pathways}},
  journal = {Nature},
  year = {1999},
  volume = {402},
  pages = {200--219},
  url = {http://www.nature.com/nature/journal/v402/n6759/full/402219a0.html}
}

@ARTICLE{ASK,
  author = {L. Acerenza and H. M. Sauro and H. Kacser},
  title = {Control Analysis of time-dependent metabolic systems.},
  journal = {J. Theor. Biol.},
  year = {1989},
  volume = {137},
  pages = {423--444}
}

@ARTICLE{achard:2001,
  author = {Achard, Fr\'{e}d\'{e}rik and Vaysseix, Guy and Barillot, Emmanuel},
  title = {{XML, bioinformatics and data integration}},
  journal = {Bioinformatics},
  year = {2001},
  volume = {17},
  pages = {115--125},
  number = {2},
  url = {http://bioinformatics.oxfordjournals.org/content/17/2/115.short}
}

@ARTICLE{AG79,
  author = {Achs, M. J. and Garfinkel, D.},
  title = {Metabolism of totally ischemic excised dog heart. 1. Construction
	of a computer model.},
  journal = {Am. J. Physiol.},
  year = {1979},
  volume = {237},
  pages = {R318--326}
}

@ARTICLE{AgudaSauro,
  author = {B. D. Aguda and H. M. Sauro},
  title = {Computer simulation of MAPK signal transduction},
  journal = {Methods Mol Biol.},
  year = {2004},
  volume = {250},
  pages = {167--76}
}

@ARTICLE{Al90,
  author = {K. R. Albe and M. H. Butler and B. E. Wright},
  title = {Cellular Concentrations of enzymes and their substrates},
  journal = {J. Theor. Biol.},
  year = {1990},
  volume = {143},
  pages = {163--195}
}

@INCOLLECTION{allen:2000,
  author = {Allen, Gabrielle and Benger, Werner and Goodale, Tom},
  title = {{The cactus code: A problem solving environment for the grid}},
  booktitle = {\ldots . Proceedings. The \ldots},
  publisher = {IEEE Computer Society},
  year = {2000},
  url = {http://ieeexplore.ieee.org/xpls/abs\_all.jsp?arnumber=868657}
}

@ARTICLE{AlmArkin2003,
  author = {E. Alm and A. Arkin},
  title = {Biological Networks},
  journal = {Current Opinion in Structural Biology},
  year = {2003},
  volume = {13},
  pages = {193--202}
}

@ARTICLE{Alves2000,
  author = {R. Alves and M. A. Savageau},
  title = {Effect of Overall Feedback Inhibition in Unbranched Biosynthetic
	Pathways},
  journal = {Biophys J},
  year = {2000},
  volume = {79},
  pages = {2290--2304}
}

@MISC{AMD,
  author = {AMD},
  title = {AMD Corporation},
  howpublished = {url: http://www.amd.com},
  year = {2003}
}

@BOOK{oram:2001,
  title = {{Peer-to-Peer: harnessing the power of disruptive technologies}},
  year = {2001},
  author = {Andy, O},
  url = {http://scholar.google.com/scholar?hl=en\&btnG=Search\&q=intitle:Peer+to+Peer:+Harnessing+the+Power+of+Disruptive+Technologies\#5}
}

@MISC{apache:2001,
  author = {{Apache Software Foundation}},
  title = {{Crimson Version 1.1}},
  howpublished = {Available via the World Wide Web at $\backslash$url\{http://xml.apache.org/xerces-j/index.html\}},
  year = {2001}
}

@ARTICLE{ArabidopsisSequence,
  author = {The-Arabidopsis-Initiative},
  title = {Analysis of the genome sequence of the flowering plant Arabidopsis
	thaliana},
  journal = {Nature},
  year = {2000},
  volume = {408},
  pages = {796--815}
}

@ARTICLE{Aris65,
  author = {R. Aris},
  title = {Prolegomena to the Rational Analysis of Systems of Chemical Reactions},
  journal = {Arch. Rational Mech. Anal},
  year = {1965},
  volume = {19},
  pages = {81--99}
}

@MISC{arkin:2001,
  author = {Arkin, A.\~{}P.},
  title = {{Simulac and Deduce}},
  howpublished = {Available via the World Wide Web at $\backslash$url\{http://gobi.lbl.gov/\~{}aparkin/Stuff/Software.html\}},
  year = {2001},
  booktitle = {Available via the World Wide Web at http://gobi. lbl. gov \ldots},
  url = {http://scholar.google.com/scholar?hl=en\&btnG=Search\&q=intitle:Simulac+and+Deduce\#0}
}

@ARTICLE{ArkinRoss1994,
  author = {A. Arkin and J. Ross},
  title = {Computational functions in biochemical reaction networks},
  journal = {Biophys J.},
  year = {1994},
  volume = {67},
  pages = {560--78}
}

@ARTICLE{arkin:1998,
  author = {Arkin, A and Ross, J and McAdams, HH},
  title = {{Stochastic kinetic analysis of developmental pathway bifurcation
	in phage-infected Escherichia coli cells}},
  journal = {Genetics},
  year = {1998},
  volume = {149},
  pages = {1633--1648},
  url = {http://www.genetics.org/content/149/4/1633.short}
}

@ARTICLE{ArkinLambda1998,
  author = {A. Arkin and J. Ross and H. H. McAdams},
  title = {Stochastic kinetic analysis of developmental pathway bifurcation
	in phage lambda-infected Escherichia coli cells.},
  journal = {Genetics},
  year = {1998},
  volume = {149},
  pages = {1633--48}
}

@BOOK{arnold:1997,
  title = {{The Java programming language}},
  year = {2000},
  author = {Arnold, K and Gosling, J and Holmes, D},
  url = {http://www.kandroid.org/board/data/board/MemM3/file\_in\_body/1/The\_Java\_Programming\_Language,\_4th\_Edition\_2005.pdf}
}

@MISC{ascher:2001,
  author = {Ascher, David and Dubois, PF and Hinsen, Konrad and Hugunin, Jim
	and Oliphant, Travis},
  title = {{Numerical python}},
  howpublished = {Available via the World Wide Web at $\backslash$url\{http://www.numpy.org\}.},
  year = {2001},
  url = {http://www.lassp.cornell.edu/sethna/DM/Documentation/numpy.pdf}
}

@ARTICLE{Anad:2001,
  author = {A. R. Asthagiri and D. A. Lauffenburger},
  title = {A computational study of feedback effects on signal dynamics in a
	mitogen-activated protein kinase (MAPK) pathway model.},
  journal = {Biotechnology Progress},
  year = {2001},
  volume = {17},
  pages = {227--239}
}

@ARTICLE{Anad:Review,
  author = {A. R. Asthagiri and D. A. Lauffenburger},
  title = {Bioengineering Models Of Cell Signaling},
  journal = {Annu. Rev. Biomed. Eng.},
  year = {2000},
  volume = {2},
  pages = {31--53}
}

@ARTICLE{BagowskiFerrell2003,
  author = {C. P. Bagowski and J. Besser and C. R. Frey and J. E. Ferrell},
  title = {The JNK Cascade as a Biochemical Switch in Mammalian Cells. Ultrasensitive
	and All-or-None Responses.},
  journal = {Current Biology},
  year = {2003},
  volume = {13},
  pages = {315--20}
}

@ARTICLE{Ferrell:2001,
  author = {C. P. Bagowski and J. E. Ferrell, Jr.},
  title = {Bistability in the JNK cascade},
  year = {2001},
  volume = {11},
  pages = {1176--1182}
}

@ARTICLE{Bakker:1999,
  author = {B. M. Bakker and P. A. M. Michels and F. R. Opperdoes and H.V. Westerhoff},
  title = {What controls glycloysis in bloodstream form {\em Trypanosoma brucei}},
  journal = {J. Biol. Chem.},
  year = {1999},
  volume = {274},
  pages = {14551-14559}
}

@ARTICLE{Bakker:1997,
  author = {B. M. Bakker and P. A. M. Michels and F. R. Opperdoes and H. V. Westerhoff},
  title = {Glycolysis in bloodstream form Trypanosoma brucei can be understood
	in terms of the kinetics of the glycolytic enzymes.},
  journal = {J. Biol. Chem.},
  year = {1997},
  volume = {272},
  pages = {3207--3215}
}

@ARTICLE{Bakker:2000,
  author = {B. M. Bakker and H. V. Westerhoff and F. R. Opperdoes and P. A. M.
	Michels},
  title = {Metabolic control analysis of glycolysis in trypanosomes as an approach
	to improve selectivity and effectiveness of drugs},
  journal = {Mol. Biochem. Parasitology},
  year = {2000},
  volume = {106},
  pages = {1-10}
}

@ARTICLE{Banuett:1998,
  author = {F. Banuett},
  title = {Signaling in the Yeasts: An Informational Cascade with Links to the
	Filamentous Fungi},
  journal = {Microbiology and Molecular Biology Reviews},
  year = {1998},
  volume = {62},
  pages = {249--274}
}

@ARTICLE{BarabasiReview2004,
  author = {Barab{\'a}si, A.L. and Oltvai, Z.N.},
  title = {Network biology: understanding the cell's functional organization},
  journal = {Nature Reviews Genetics},
  year = {2004},
  volume = {5},
  pages = {101--113},
  number = {2},
  publisher = {Nature Publishing Group}
}

@ARTICLE{Ba89,
  author = {J. M. Baranyi and J. J. Blum},
  journal = {Biochem. J.},
  year = {1989},
  volume = {258},
  pages = {121--140}
}

@BOOK{Ba69,
  title = {Enzyme Handbook.},
  publisher = {Springer Verlag.},
  year = {1969},
  author = {T.E. Barman},
  address = {Berlin, Heidelberg, \& New York.}
}

@ARTICLE{BecskeiNegFeedback2000,
  author = {A. Becskei and L. Serrano},
  title = {Engineering stability in gene networks by autoregulation},
  journal = {Nature},
  year = {2000},
  volume = {405},
  pages = {590--593}
}

@BOOK{Bennett1,
  title = {Introduction to Compiling Techniques.},
  publisher = {McGraw--Hill Book Company, Maidenhead},
  year = {1990},
  author = {J. P. Bennett}
}

@ARTICLE{Berg1977,
  author = {H. C. Berg and E. M. Purcell},
  title = {Physics of chemoreception},
  journal = {Biophys J.},
  year = {1977},
  volume = {20},
  pages = {193--219}
}

@ARTICLE{BhallaRam,
  author = {U. Bhalla and P. Ram and R. Iyengar},
  title = {MAP kinase phosphatase as a locus of flexibility in a mitogen-activated
	protein kinase signaling network},
  journal = {Science},
  year = {2002},
  volume = {297},
  pages = {1018--23}
}

@ARTICLE{BhallaPBMB,
  author = {U. S. Bhalla},
  title = {Understanding complex signaling networks through models and metaphors},
  journal = {Prog. Biophys. Molec. Biol},
  year = {2003},
  volume = {81},
  pages = {45--65}
}

@ARTICLE{BhallaReview:2003,
  author = {U. S. Bhalla},
  title = {Understanding complex signaling networks through models and metaphors},
  journal = {Prog. Biophys Mol. Biol},
  year = {2003},
  volume = {81},
  pages = {45--65}
}

@MISC{biggs:2001,
  author = {Biggs, Wes},
  title = {{Package $\backslash$texttt\{gnu.regexp\}: Regular expressions for
	\{Java\}}},
  howpublished = {Available via the World Wide Web at $\backslash$url\{http://www.cacas.org/java/gnu/regexp/\}.},
  year = {2001}
}

@MISC{biospice,
  author = {{BioSPICE}},
  title = {Home Page},
  howpublished = {The {BioSPICE} Development Project, {\tt http://www.biospice.org/}},
  year = {2001}
}

@MISC{biron:2000,
  author = {Biron, P.\~{}V. and Malhotra, A},
  title = {{\{XML\} \{S\}chema Part 2: Datatypes (\{W3C\} Candidate Recommendation
	24 \{O\}ctober 2000)}},
  howpublished = {Available via the World Wide Web at $\backslash$url\{http://www.w3.org/TR/xmlschema-2/\}.},
  year = {2000}
}

@INPROCEEDINGS{Nils2001,
  author = {N. Bl???thgen and H. Herzel},
  title = {MAP-Kinase-Cascade: Switch, Amplifier or Feedback Controller},
  booktitle = {2nd Workshop on Computation of Biochemical Pathways and Genetic Networks},
  year = {2001},
  editor = {R. Gauges, C. van Gend, U. Kummer},
  pages = {55--62},
  publisher = {Berlin: Logos Verlag}
}

@ARTICLE{blackhist,
  author = {H. S. Black},
  title = {Inventing the negative feedback amplifier},
  journal = {IEEE spectrum, December},
  year = {1977},
  volume = {14},
  pages = {55--60}
}

@ARTICLE{Bo81,
  author = {Bohnensack, R.},
  title = {Control of energy transformation in mitochondria: analysis by a quantitative
	model.},
  journal = {Biochim. Biophys. Acta},
  year = {1981},
  volume = {634},
  pages = {203-227}
}

@ARTICLE{Bolouri2002,
  author = {H. Bolouri and E. H. Davidson},
  title = {Modeling transciptional regulatory networks},
  journal = {BioEssays},
  year = {2002},
  volume = {24},
  pages = {1118--1129}
}

@ARTICLE{bosak:1999,
  author = {Bosak, J and Bray, T},
  title = {{XML and the second-generation Web}},
  journal = {Scientific American},
  year = {1999},
  month = may,
  url = {http://www.floppybunny.org/robin/web/virtualclassroom/xml/scientific\_american\_xml\_web\_may\_1999.pdf}
}

@ARTICLE{Bourret2002,
  author = {R. B. Bourret and A. M Stock},
  title = {Molecular information processing: lessons from bacterial chemotaxis.},
  journal = {J Biol Chem.},
  year = {2002},
  volume = {277},
  pages = {9625--8}
}

@MISC{box:2000,
  author = {Box, D and Ehnebuske, D and Kakivaya, G and Layman, A and Mendelsohn,
	N and Nielsen, H.\~{}F. and Thatte, S and Winer, D},
  title = {{Simple \{O\}bject \{A\}ccess \{P\}rotocol (\{SOAP\}) 1.1: \{W3C\}
	Note 08 \{M\}ay 2000}},
  howpublished = {Available via the World Wide Web at $\backslash$url\{http://www.w3.org/TR/SOAP/\}},
  year = {2000}
}

@MISC{SOAPRef,
  author = {Don Box and David Ehnebuske and Gopal Kakivayat and Andrew Layman
	and Noah Mendelsohn and Henrik Frystyk Nielsen and Satish Thatte
	and Dave Winer},
  title = {Simple Object Access Protocol ({SOAP}) 1.1: {W3C} note 08 {May} 2000},
  howpublished = {http://www.w3.org/TR/SOAP/},
  year = {2000}
}

@INPROCEEDINGS{bramley:2000,
  author = {Bramley, Randall and Chiu, Kenneth and Diwan, Shridhar and Cannon,
	Dennis and Govindaraju, Madhusudhan and Mukhi, Nirmal and Temko,
	Benjamin and Yechuri, Madhuri},
  title = {{A Component Based Services Architecture for Building Distributed
	Applications}},
  booktitle = {Proceedings of the 9th \{IEEE\} International Symposium on High Performance
	Distributed Computing, Pittsburgh, PA, Aug. 2000},
  year = {2000}
}

@ARTICLE{Bray1995,
  author = {D. Bray},
  title = {Protein molecules as computational elements in living cells},
  journal = {Nature},
  year = {1995},
  volume = {376},
  pages = {307-???312}
}

@ARTICLE{Bray1990,
  author = {D. Bray},
  title = {Intracellular signaling as a parallel distributed process},
  journal = {J. Theor. Biol.},
  year = {1990},
  volume = {143},
  pages = {215???231}
}

@MISC{bray:2001,
  author = {Bray, Dennis and Firth, Carl and {Le Nov\`{e}re}, Nicolas and Shimizu,
	Thomas},
  title = {{$\backslash$emph\{StochSim\}}},
  howpublished = {Available via the World Wide Web at $\backslash$url\{http://www.zoo.cam.ac.uk/comp-cell/StochSim.html\}},
  year = {2001}
}

@MISC{bray:1999,
  author = {Bray, T and {D. Hollander}, D and Layman, A},
  title = {{Namespaces in \{XML\}. \{W\}orld \{W\}ide \{W\}eb \{C\}onsortium
	14-\{J\}anuary-1999}},
  howpublished = {Available via the World Wide Web at $\backslash$url\{http://www.w3.org/TR/1999/REC-xml-names-19990114/\}},
  year = {1999}
}

@MISC{bray:1998,
  author = {Bray, T and Paoli, J and Sperberg-McQueen, C.\~{}M.},
  title = {{Extensible Markup Language (\{XML\}) 1.0, \{W3C\} Recommendation
	10-\{F\}ebruary-1998}},
  howpublished = {Available via the World Wide Web at $\backslash$url\{http://www.w3.org/TR/1998/REC-xml-19980210\}},
  year = {1998}
}

@ARTICLE{Mendes2002,
  author = {P. Brazhnik and A. de la Fuente and P. Mendes},
  title = {Gene networks: how to put the function in genomics.},
  journal = {Trends Biotechnol.},
  year = {2002},
  volume = {20},
  pages = {467--72}
}

@ARTICLE{Brightman:2000,
  author = {F. A. Brightman and D. A. Fell},
  title = {Differential feedback regulation of the MAPK cascade underlies the
	quantitative differences in EGF and NGF signaling in PC12 cells},
  journal = {FEBS Letters},
  year = {2000},
  volume = {482},
  pages = {169--174}
}

@ARTICLE{KholodenkoTIBS1997,
  author = {G. Brown and J. B. Hoek and B. N. Kholodenko},
  title = {Why do protein kinase cascades have more than one level?},
  journal = {Trends Biochem Sci.},
  year = {1997},
  volume = {22},
  pages = {288--288}
}

@ARTICLE{Brown1997,
  author = {G. C. Brown and J. B. Hoek and B. N. Kholodenko},
  title = {Why do protein kinase cascades have more than one level?},
  journal = {Trends Biochem Sci.},
  year = {1997},
  volume = {22},
  pages = {288}
}

@ARTICLE{Bruggeman2002,
  author = {F. J. Bruggeman and H. V. Westerhoff and J. B. Hoek and B. N. Kholodenko},
  title = {Modular response analysis of cellular regulatory networks.},
  journal = {J. Theor Biol.},
  year = {2002},
  volume = {218},
  pages = {507--20}
}

@BOOK{BFR78,
  title = {Numerical Analysis.},
  publisher = {Prindle, Weber \& Schmidt Boston, Massachusetts},
  year = {1978},
  author = {R. L. Burden and J. D. Faires and A. C. Reynolds},
  edition = {Second}
}

@MISC{bipm:2000,
  author = {{Bureau International des Poids et Mesures}},
  title = {{The \{International\} \{System\} of \{Units\} (\{SI\}) Supplement
	2000: addenda and corrigenda to the 7th edition (1998)}},
  howpublished = {Available via the World Wide Web at $\backslash$url\{http://www.bipm.fr/pdf/si-supplement2000.pdf\}.},
  year = {2000}
}

@PHDTHESIS{Bu71,
  author = {Burns, J. A.},
  title = {Studies on Complex Enzyme Systems},
  school = {University of Edinburgh},
  year = {1971},
  note = {url: http://www.cds.caltech.edu/~hsauro/Burns/jimBurns.pdf}
}

@ARTICLE{Bu85,
  author = {Burns, J. A. and Cornish-Bowden, A. and Groen, A. K. and Heinrich,
	R. and H. Kacser and J. W. Porteous and S. M. Rapoport and T. A.
	Rapoport and J. W. Stucki and J. M. Tager and R. J. A. Wanders and
	H. V. Westerhoff},
  title = {Control analysis of metabolic systems.},
  journal = {Trends Biochem. Sci.},
  year = {1985},
  volume = {10},
  pages = {16}
}

@BOOK{buschmann:1996,
  title = {{Pattern-Oriented Software Architecture: A System of Patterns}},
  year = {1996},
  author = {Buschmann, Frank and Meunier, Regine and Rohnert, Hans and Sommerlad,
	Peter and {and Michael Stal}}
}

@ARTICLE{Cardenas:1989,
  author = {M. L. C\'{a}rdenas and A. Cornish-Bowden},
  title = {Characteristics necessary for an interconvertible enzyme cascade
	to generate a highly sensitive response to an effector.},
  journal = {Biochem J},
  year = {1989},
  volume = {257},
  pages = {339???-345}
}

@ARTICLE{Ca59,
  author = {G. F. Cahill and J. Ashmore and A. E. Renold and A. B. Hastings},
  journal = {Am. J. Med.},
  year = {1959},
  volume = {24},
  pages = {264--?}
}

@ARTICLE{casanova:1997,
  author = {Casanova, Henri and Dongarra, Jack},
  title = {{NetSolve: A network-enabled server for solving computational science
	problems}},
  journal = {International Journal of High \ldots},
  year = {1997},
  volume = {11},
  pages = {212--223},
  number = {3},
  url = {http://hpc.sagepub.com/content/11/3/212.short}
}

@ARTICLE{Ca89-2,
  author = {M. Cascante and R. Franco and E. I. Canela},
  title = {Use of implict methods from general sensitivity theory to develop
	a systematic approach to metabolic control.},
  journal = {Math Biosci.},
  year = {1989},
  volume = {92},
  note = {In press.}
}

@ARTICLE{Chance1943,
  author = {B. Chance},
  title = {The Kinetics of the Enzyme-Substrate Compound of Peroxidase},
  journal = {J. Biol. Chem.},
  year = {1943},
  volume = {151},
  pages = {553--577}
}

@ARTICLE{CHG62,
  author = {B. Chance and J. J. Higgins and D. Garfinkel},
  title = {Analogue and digital computer representations of biochemical processes.},
  journal = {Proc. Fedn. Am. Socs. exp. Biol.},
  year = {1962},
  volume = {21},
  pages = {75--86}
}

@MANUAL{CCJK77,
  title = {FACSIMILE: a computer program for flow and chemistry simulation,
	and general initial value problems.},
  author = {E. M. Chance and A. R. Curtis and I. P. Jones and C. R. Kirby},
  year = {1977},
  note = {AERE-R8775, HMSO London}
}

@ARTICLE{Chang:2001,
  author = {L. Chang and M. Karin},
  title = {Mammalian MAP kinase signaling cascades},
  journal = {Nature},
  year = {2001},
  volume = {410},
  pages = {37--40}
}

@ARTICLE{Chass:2001,
  author = {C. Chassagnole and Ra???s, B. and E. Quentin and D. A. Fell and J.-P.
	Mazat},
  title = {An integrated study of threonine-pathway enzyme kinetics in {\em
	Escherichia coli}.},
  journal = {Biochem. J},
  year = {2001},
  volume = {356},
  pages = {415-423}
}

@ARTICLE{CW86,
  author = {Y-D. Chen and H. V. Westerhoff},
  title = {How do Inhibitors and Modifiers of Individual Enzymes Affect Steady-state
	Fluxes and Concentrations in Metabolic Systems?},
  journal = {Math. Model.},
  year = {1986},
  volume = {7},
  pages = {1173--1180}
}

@ARTICLE{chizeck2009,
  author = {Chizeck, HJ and Butterworth, E. and Bassingthwaighte, J.B.},
  title = {Error detection and unit conversion},
  journal = {Engineering in Medicine and Biology Magazine, IEEE},
  year = {2009},
  volume = {28},
  pages = {50--58},
  number = {3},
  publisher = {IEEE}
}

@ARTICLE{StadtmanChock:1977a,
  author = {P. B. Chock and E. R. Stadtman},
  title = {Superiority of interconvertible enzyme cascades in metabolic regulation:
	analysis of monocyclic systems.},
  journal = {Proc. Natl. Acad. Sci. U.S.A.},
  year = {1977},
  volume = {74},
  pages = {2761-???2765}
}

@ARTICLE{StadtmanChock:1977b,
  author = {P. B. Chock and E. R. Stadtman},
  title = {Superiority of interconvertible enzyme cascades in metabolite regulation:
	analysis of multicyclic systems.},
  journal = {Proc. Natl. Acad. Sci. U.S.A.},
  year = {1977},
  volume = {74},
  pages = {2766--70}
}

@ARTICLE{chong:2002,
  author = {Chong, Lisa and Ray, L.\~{}Bryan},
  title = {{Whole-istic Biology}},
  year = {2002},
  volume = {295},
  pages = {1661},
  number = {5560},
  month = mar
}

@ARTICLE{Cinquin2002,
  author = {O. Cinquin and J. Demongeot},
  title = {Roles of positive and negative feedback in biological systems.},
  journal = {C R Biol.},
  year = {2002},
  volume = {325},
  pages = {1085--1095}
}

@MISC{clark:1998,
  author = {Clark, James},
  title = {{\{XP\} Version 0.5}},
  howpublished = {Available via the World Wide Web at $\backslash$url\{ftp://ftp.jclark.com/pub/xml/\}},
  year = {1998}
}

@ARTICLE{Cl74,
  author = {M. G. Clark and N. M. Kneer and A. L. Bosch and H. A. Lardy},
  journal = {J. Biol. Chem},
  year = {1974},
  volume = {249},
  pages = {5695--5703}
}

@BOOK{Clarke80,
  title = {Stability of complex reaction networks.},
  publisher = {Wiley, New York},
  year = {1980},
  author = {B. L. Clarke},
  volume = {42},
  pages = {1--213},
  series = {Adv. Chem. Phys}
}

@ARTICLE{Cohen1996,
  author = {S. D. Cohen and A. C. Hindmarsh.},
  title = {CVODE, a Stiff/Nonstiff ODE Solver in C.},
  journal = {Computers in Physics},
  year = {1996},
  volume = {10(2)},
  pages = {138--143}
}

@ARTICLE{Cook2001,
  author = {Cook, Daniel and Farley, Joel and Tapscott, Stephen},
  title = {A basis for a visual language for describing, archiving and analyzing
	functional models of complex biological systems},
  journal = {Genome Biology},
  year = {2001},
  volume = {2},
  pages = {research0012.1-research0012.10},
  number = {4},
  abstract = {BACKGROUND:We propose that a computerized, internet-based graphical
	description language for systems biology will be essential for describing,
	archiving and analyzing complex problems of biological function in
	health and disease.RESULTS:We outline here a conceptual basis for
	designing such a language and describe BioD, a prototype language
	that we have used to explore the utility and feasibility of this
	approach to functional biology. Using example models, we demonstrate
	that a rather limited lexicon of icons and arrows suffices to describe
	complex cell-biological systems as discrete models that can be posted
	and linked on the internet.CONCLUSIONS:Given available computer and
	internet technology, BioD may be implemented as an extensible, multidisciplinary
	language that can be used to archive functional systems knowledge
	and be extended to support both qualitative and quantitative functional
	analysis.},
  doi = {10.1186/gb-2001-2-4-research0012},
  issn = {1465-6906},
  pubmedid = {11305940},
  url = {http://genomebiology.com/2001/2/4/research/0012}
}

@ARTICLE{Co89,
  author = {A. Cornish-Bowden},
  title = {Metabolic control theory and Biochemical Systems Theory: different
	objectives, different assumptions, different results.},
  journal = {J. Theor. Biol.},
  year = {1989},
  volume = {136},
  pages = {365--377}
}

@BOOK{Co79,
  title = {Fundamentals of Enzyme Kinetics.},
  publisher = {Butterworth},
  year = {1979},
  author = {A. Cornish-Bowden},
  address = {London}
}

@INCOLLECTION{Cornish2000,
  author = {A. Cornish-Bowden and R. Eisenthal},
  title = {Computer simulation as a tool for studying metabolism and drug design},
  booktitle = {Technological and Medical Implications of Metabolic Control Analysis},
  publisher = {Kluwer Academic Publishers, Dordrecht, The Netherlands},
  year = {2000},
  editor = {A. Cornish-Bowden and M. L. Cardenas},
  pages = {165-???172}
}

@ARTICLE{AthelHof2002,
  author = {A. Cornish-Bowden and J.-H. S. Hofmeyr},
  title = {The Role of Stoichiometric Analysis in Studies of Metabolism: An
	Example},
  journal = {J. theor. Biol},
  year = {2002},
  volume = {216},
  pages = {179--191}
}

@ARTICLE{CBH91,
  author = {A. Cornish-Bowden and J.-H. S. Hofmeyr},
  title = {MetaModel: a program for modelling and control analysis of metabolic
	pathways on the IBM PC and compatibles.},
  journal = {Comp. Appl. Biosci.},
  year = {1991},
  volume = {7},
  pages = {89--93}
}

@ARTICLE{Cr76,
  author = {B. Crabtree},
  title = {Theoretical considerations of the sensitivity conferred by substrate
	cycles in vivo.},
  journal = {Biochem. Soc. Trans.},
  year = {1976},
  volume = {4},
  pages = {999-1002}
}

@ARTICLE{CN87,
  author = {B. Crabtree and E.A. Newsholme},
  title = {A systematic approach to describing and analysing metabolic control
	systems.},
  journal = {Trends Biochem. Sci.},
  year = {1987},
  volume = {12},
  pages = {4--12}
}

@ARTICLE{CN87b,
  author = {B. Crabtree and E.A. Newsholme},
  title = {The derivation and interpretation of control coefficients},
  journal = {Biochem. J.},
  year = {1987},
  volume = {247},
  pages = {113--120 }
}

@ARTICLE{CN85,
  author = {B. Crabtree and E.A. Newsholme},
  title = {A quantitative approach to metabolic control.},
  journal = {Curr. Top. Cell. Reg. },
  year = {1985},
  volume = {25},
  pages = {21--76}
}

@ARTICLE{CN78,
  author = {B. Crabtree and E.A. Newsholme},
  title = {Sensitivity of a near-equilibrium reaction in a metabolic pathway
	to changes in substrate concentration},
  journal = {Eur. J. Biochem.},
  year = {1978},
  volume = {89},
  pages = {19-22}
}

@INCOLLECTION{CC72,
  author = {A. R. Curtis and E. M. Chance},
  title = {Numerical methods for simulation and optimization.},
  booktitle = {Analysis and Simulation of Biochemical Systems},
  publisher = {North-Holland, Amsterdam},
  year = {1972},
  editor = {H. C. Hemker and B. Hess},
  series = {FEBS Symposium, $8^{th}$ meeting},
  pages = {39--57}
}

@BOOK{musser:1996,
  title = {{STL Tutorial and Reference guide}},
  publisher = {Addison Wesley},
  year = {2001},
  author = {DAVID, RM and GILLMER, JD and ATUL, S},
  url = {http://scholar.google.com/scholar?hl=en\&btnG=Search\&q=intitle:\{STL\}+Tutorial+and+Reference+Guide\#4}
}

@ARTICLE{DecrolyPNAS1982,
  author = {O. Decroly and A. Goldbeter},
  title = {Birhythmicity, chaos, and other patterns of temporal self-organization
	in a multiply regulated biochemical system.},
  journal = {Proc Natl Acad Sci U S A.},
  year = {1982},
  volume = {79},
  pages = {6917--6921}
}

@ARTICLE{De86,
  author = {R.F. Derr},
  title = {Modern metabolic control theory. {II}. Determination of flux control
	coefficients.},
  journal = {Biochemical Archives},
  year = {1986},
  volume = {2},
  pages = {31--44 }
}

@ARTICLE{De85,
  author = {R.F. Derr},
  title = {Modern metabolic control theory. {I}. Fundamental theorems},
  journal = {Biochemical Archives},
  year = {1985},
  volume = {1},
  pages = {239--247}
}

@ARTICLE{De87,
  author = {R.F Derr and R.E. Derr},
  title = {Control of flux by isozymes and alternate enzymes. },
  journal = {Biochem. Arch.},
  year = {1987},
  volume = {3},
  pages = {453--464}
}

@ARTICLE{Dibrov1982,
  author = {B. F. Dibrov and A. M. Zhabotinsky and B. N Kholodenko},
  title = {Dynamic stability of steady states and static stabilization in unbranched
	metabolic pathways},
  journal = {J. Math. Biol},
  year = {1982},
  volume = {15},
  pages = {51--63}
}

@INPROCEEDINGS{Do81,
  author = {E. J. Doedel},
  title = {Auto: a program for the automatic bifurcation analysis of autonomous
	systems.},
  booktitle = {Proc. Manitoba Conf. Num. Math. Comput., 10th, Winnipeg, Canada},
  year = {1981},
  note = {[Congressus Numeratium, 30:265--284]}
}

@ARTICLE{CurrentBiolDispatch,
  author = {F. van Drogen and M. Peter},
  title = {MAP Kinase Cascades: Scaffolding Signal Specificity},
  journal = {Current Biology},
  year = {2002},
  volume = {12},
  pages = {R53--R55}
}

@ARTICLE{DDH87,
  author = {Dykhuizen, D. E. and Dean, A. M. and Hartl, D. L.},
  title = {Metabolic flux and fitness.},
  journal = {Genetics},
  year = {1987},
  volume = {115},
  pages = {25--31}
}

@BOOK{eddon:1999,
  title = {{Inside distributed COM}},
  publisher = {Microsoft Press},
  year = {1998},
  author = {Eddon, G and Eddon, Henry},
  address = {Redmond, WA},
  isbn = {1-57231-849-x},
  url = {http://dl.acm.org/citation.cfm?id=SERIES9729.280462}
}

@ARTICLE{Edel70,
  author = {B. Edelstein},
  title = {A biochemical model with multiple steady states.},
  journal = {J, Theor. Biol.},
  year = {1970},
  volume = {29},
  pages = {57--62}
}

@ARTICLE{Edwards2000a,
  author = {J.S. Edwards and B.O. Palsson},
  title = {The Escherichia coli MG1655 in silico metabolic genotype: Its definition,
	characteristics, and capabilities},
  journal = {PNAS},
  year = {2000},
  volume = {97},
  pages = {5528--5533}
}

@ARTICLE{Edwards:2000,
  author = {J. S. Edwards and B. O. Palsson},
  title = {Metabolic flux balance analysis and the in silico analysis of {\em
	Escherichia coli} K-12 gene deletions},
  year = {2000},
  volume = {1},
  pages = {1}
}

@TECHREPORT{sun:1987,
  author = {Eisler, M},
  title = {{XDR: External data representation standard}},
  institution = {Sun Microsystems, Inc.},
  year = {2006},
  type = {Internet Request for Comments},
  number = {1014},
  annote = {Available via the World Wide Web at $\backslash$url\{http://www.faqs.org/rfcs/rfc1014.html\}},
  url = {http://tools.ietf.org/html/rfc4506.html}
}

@ARTICLE{Elowitz2000,
  author = {M. B Elowitz and S Leibler},
  title = {A synthetic oscillatory network of transcriptional regulators},
  journal = {Nature},
  year = {2000},
  volume = {403},
  pages = {335--338}
}

@ARTICLE{Endy2001,
  author = {D. Endy and R. Brent},
  title = {Modeling Cellular Behavior.},
  journal = {Nature},
  year = {2001},
  volume = {409},
  pages = {391--395}
}

@MISC{entelos:2001,
  author = {Entelos},
  title = {Company Page},
  howpublished = {Biosimulation for in silico drug discovery and development, {\tt
	http://www.entelos.com/}},
  year = {2001}
}

@BOOK{eriksson:1998,
  title = {{UML toolkit}},
  publisher = {John Wiley \& Sons},
  year = {1997},
  author = {Eriksson, H.-E. and Penker, M},
  address = {New York},
  url = {http://dl.acm.org/citation.cfm?id=270027}
}

@MISC{ermentrout:2001,
  author = {Ermentrout, G},
  title = {{XPPAUT 5.0}},
  howpublished = {Available via the World Wide Web at $\backslash$url\{http://www.math.pitt.edu/\~{}bard/xpp/xpp.html\}},
  year = {2002},
  url = {http://scholar.google.com/scholar?hl=en\&btnG=Search\&q=intitle:\{XPPAUT\}+5.0\#0}
}

@ARTICLE{ESH80,
  author = {K. Eschrich and W. Scellenberger and E. Hofmann},
  title = {In vitro demonstration of alternate stationary states in an open
	enzyme system containing phosphofructokinase.},
  journal = {Arch. Biochem. Biophys.},
  year = {1980},
  volume = {205},
  pages = {114--121}
}

@ARTICLE{ESH90,
  author = {K. Eschrich and W. Schellenberger and E. Hofmann},
  title = {A Hysteretic Cycle In Glucose-6-Phosphate Metabolism Observed In
	A Cell-Free Yeast Extract},
  journal = {European Journal Of Biochemistry},
  year = {1990},
  volume = {188},
  pages = {697--703}
}

@ARTICLE{ESH83,
  author = {K. Eschrich and W. Schellenberger and E. Hofmann},
  title = {Sustained Oscillations in a Reconstituted Enzyme System Containing
	Phosphofructokinase and Fructose 1,6-Bisphosphatase.},
  journal = {Arch. Biochem. Biophys.},
  year = {1983},
  volume = {222},
  pages = {657--660}
}

@ARTICLE{Falke1997,
  author = {J. J. Falke and R. B. Bass and S. L Butler and S. A. Chervitz and
	M. A. Danielson},
  title = {The Two-Component Singaling Pathway of Batercial Chemotaxis},
  journal = {Annu. Rev. Cell Dev. Biol},
  year = {1997},
  volume = {13},
  pages = {457--512}
}

@MISC{fallside:2000,
  author = {Fallside, D.\~{}C.},
  title = {{\{XML\} \{S\}chema Part 0: Primer (\{W3C\} Candidate Recommendation
	24 \{O\}ctober 2000)}},
  howpublished = {Available via the World Wide Web at $\backslash$url\{http://www.w3.org/TR/xmlschema-0/\}},
  year = {2000}
}

@ARTICLE{Famili2003,
  author = {I. Famili and B. O. Palsson},
  title = {The convex basis of the left null space of the stoichiometric matrix
	leads to the definition of metabolically meaningful pools.},
  journal = {Biophys J.},
  year = {2003},
  volume = {85},
  pages = {16--26}
}

@BOOK{farley:1998,
  title = {{Java distributed computing}},
  year = {1998},
  author = {Farley, Jim},
  url = {http://books.google.com/books?hl=en\&lr=\&id=sa06y0EzFx0C\&oi=fnd\&pg=PR9\&dq=Java+Distributed+Computing\&ots=BGyVxWHTe6\&sig=hqxSPQwI0vtxjN473jqYQQoxP4Y}
}

@ARTICLE{Feinberg89,
  author = {M. Feinberg},
  title = {Necessary and Suffficient Conditions for detailed Balancing in mass
	action systems of arbitrary complexity},
  journal = {Chem. Eng. Sci.},
  year = {1989},
  volume = {44},
  pages = {1819-1827}
}

@BOOK{Fell:Book,
  title = {Understanding the Control of Metabolism},
  publisher = {Portland Press.},
  year = {1997},
  author = {D.A. Fell},
  address = {London}
}

@ARTICLE{Fe84,
  author = {D.A. Fell},
  title = {Phosphofructokinase and glycolytic flux.},
  journal = {Trends Biochem. Sci.},
  year = {1984},
  volume = {9},
  pages = {515-516}
}

@BOOK{fell:1997,
  title = {{Understanding the control of metabolism.}},
  publisher = {Portland Press},
  year = {1997},
  author = {Fell, David\~{}A.},
  address = {London},
  url = {http://www.cabdirect.org/abstracts/19971407301.html}
}

@ARTICLE{Fe87,
  author = {D. A. Fell},
  title = {A sensitivity issue.},
  journal = {Trends Biochem. Sci.},
  year = {1987},
  volume = {12},
  pages = {217--218}
}

@ARTICLE{FS90,
  author = {D. A. Fell and H. M. Sauro},
  title = {Metabolic Control Analysis: the effects of high enzyme concentrations.},
  journal = {Eur. J. Biochem.},
  year = {1990},
  volume = {192},
  pages = {183--187}
}

@ARTICLE{SCAMPFS90,
  author = {D. A. Fell and H. M. Sauro},
  title = {Metabolic Control Analysis by Computer: Progress and prospects.},
  journal = {Biomed. Biochim. Acta},
  year = {1990},
  volume = {8/9},
  pages = {811--816}
}

@ARTICLE{FSa86,
  author = {D. A. Fell and H. M. Sauro},
  title = {Non-equilibrium / equilibrium reactions: which controls?},
  journal = {Biochem. Soc. Trans.},
  year = {1986},
  volume = {14},
  pages = {624--625}
}

@ARTICLE{FS85,
  author = {D. A. Fell and H. M. Sauro},
  title = {Metabolic Control Analysis: Additional relationships between elasticities
	and control coefficients},
  journal = {Eur. J. Biochem.},
  year = {1985},
  volume = {148},
  pages = {555--561}
}

@ARTICLE{FS85b,
  author = {D. A. Fell and H. M. Sauro},
  title = {Substrate cycles: do they really cause amplification?},
  journal = {Biochem. Soc. Trans.},
  year = {1985},
  volume = {13},
  pages = {762--763}
}

@ARTICLE{FSm86a,
  author = {D. A. Fell and J. R. Small},
  title = {Fat synthesis in adipose tissue: an examination of stoichiometric
	constraints.},
  journal = {Biochem. J.},
  year = {1986},
  volume = {238},
  pages = {781--786}
}

@BOOK{FSS90,
  title = {Control coefficients and the matrix method.},
  publisher = {Plenum Press, New York},
  year = {1990},
  editor = {A. Cornish-Bowden and M. L. C\'{a}rdenas},
  author = {D.A. Fell and H. M. Sauro and J. . Small},
  pages = {139--148},
  series = {NATO ASI Series},
  booktitle = {Control of Metabolic Processes}
}

@ARTICLE{FSm86b,
  author = {D.A. Fell AND J.R. Small},
  title = {Theoretical aspects of covalent modification in metabolic control.},
  journal = {Biochem. Soc. Trans.},
  year = {1986},
  volume = {14},
  pages = {623--624}
}

@ARTICLE{Fe88,
  author = {D.A. Fell and K. Snell},
  title = {Control analysis of mammalian serine biosynthesis.},
  journal = {Biochem. J.},
  year = {1988},
  volume = {256},
  pages = {97--101}
}

@ARTICLE{Ferrell:2002,
  author = {J. E. Ferrell},
  title = {Self-perpetuating states in signal transduction: positive feedback,
	double-negative feedback and bistability},
  journal = {Current Opinion in Cell Biology},
  year = {2002},
  volume = {14},
  pages = {140--148}
}

@ARTICLE{Ferrell:1997,
  author = {J. E. Ferrell},
  title = {How responses get more switch-like as you move down a protein kinase
	cascade.},
  journal = {Trends Biochem Sci.},
  year = {1997},
  volume = {22},
  pages = {288--9}
}

@ARTICLE{FerrellTIBS1996,
  author = {J. E. Ferrell},
  title = {Tripping the switch fantastic: how a protein kinase cascade can convert
	graded inputs into switch-like outputs},
  journal = {Trends in Biochemical Sciences},
  year = {1996},
  volume = {21},
  pages = {460--466}
}

@ARTICLE{FerrellScience1998,
  author = {J. E. Ferrell and E. M. Machleder},
  title = {The Biochemical Basis of an All-or-None Cell Fate Switch in Xenopus
	Oocytes},
  journal = {Science},
  year = {1998},
  volume = {280},
  pages = {895--898}
}

@ARTICLE{FerrellBioEssays1999,
  author = {J. E. Jr. Ferrell},
  title = {Building a cellular switch: more lessons from a good egg},
  journal = {BioEssays},
  year = {1999},
  volume = {21},
  pages = {866--870}
}

@MISC{finney:2001a,
  author = {Finney, Andrew},
  title = {{Miscellaneous Aspects of the Design of the \{Systems Biology Workbench\}
	(\{SBW\})}},
  howpublished = {Available via the World Wide Web at $\backslash$url\{http://www.cds.caltech.edu/erato/sbw/docs/misc-aspects/\}},
  year = {2001}
}

@MISC{finney:2000,
  author = {Finney, Andrew},
  title = {{Internal Discussion Document: Possible extensions to the \{Systems
	Biology Markup Language\}}},
  howpublished = {Available via the World Wide Web at $\backslash$url\{http://www.cds.caltech.edu/erato/extensions.html\}},
  year = {2000}
}

@MISC{finney:2002c,
  author = {Finney, Andrew and Gor, Victoria and Mjolsness, Eric and Bolouri,
	Hamid},
  title = {{Systems \{B\}iology \{M\}arkup \{L\}anguage (\{SBML\}) \{L\}evel
	2 \{P\}roposal: Miscellaneous \{F\}eatures}},
  year = {2002}
}

@ARTICLE{finney:2002b,
  author = {Finney, Andrew and Hucka, Michael},
  title = {{Systems Biology Workbench C programmer's manual}},
  journal = {\ldots via the World Wide Web at \ldots},
  year = {2002},
  howpublished = {Available via the World Wide Web at $\backslash$url\{http://www.cds.caltech.edu/erato/sbw/docs/\}},
  url = {http://sbase.sbml.org/images/6/6b/Cprogrammersmanual.pdf}
}

@MISC{finney:2001c,
  author = {Finney, Andrew and Hucka, Michael and Sauro, Herbert\~{}M. and Bolouri,
	Hamid},
  title = {{Systems \{B\}iology \{W\}orkbench \{C\} Programmer's Manual}},
  howpublished = {Available via the World Wide Web at $\backslash$url\{http://www.cds.caltech.edu/erato/sbw/docs/api/\}},
  year = {2001}
}

@INPROCEEDINGS{finney:2001b,
  author = {Finney, Andrew and Hucka, Michael and Sauro, Herbert\~{}M. and Doyle,
	John\~{}C. and Kitano, Hiroaki},
  title = {{An Overview of the \{ERATO\} \{Systems Biology Workbench\} Project}},
  booktitle = {Proceedings of the 2nd Workshop on Computation and Biochemical Pathways},
  year = {2001},
  editor = {Gauges, R and Van\~{}Gend, C and Kummer, U},
  pages = {115--122},
  address = {Heidelberg, Germany},
  publisher = {European Media Labs}
}

@ARTICLE{Fisher1931,
  author = {R. A. FISHER},
  title = {The Evolution of Dominance},
  journal = {Biol. Rev},
  volume = {6},
  pages = {345--368},
  yar = {1931}
}

@BOOK{flanagan:1999,
  title = {{Java in a Nutshell}},
  year = {2005},
  author = {Flanagan, D},
  address = {Sebastopol, CA, USA},
  url = {http://books.google.com/books?hl=en\&lr=\&id=mvzgNSmHEUAC\&oi=fnd\&pg=PT9\&dq=Java+in+a+Nutshell\&ots=3oY4uuiptV\&sig=7e5jX\_Ns6kfmsIj2PR8SpM26Kug}
}

@ARTICLE{FTBPDK81,
  author = {H. J. Flint and R. W. Tateson and I. B. Bartelmess and D. J. Porteous
	and W. D. Donochie and H. Kacser},
  title = {Control of flux in the arginine pathway of {\em {N}eurospora crassa.}},
  journal = {Biochem. J.},
  year = {1981},
  volume = {200},
  pages = {231--246}
}

@BOOK{Ford1985,
  title = {Single lens, the story of the simple microscope},
  publisher = {Harper \& Row, Publishers, New York},
  year = {1985},
  author = {B. J. Ford},
  pages = {49--50}
}

@ARTICLE{foster:1996,
  author = {Foster, Ian and Kesselman, Carl and Tuecke, Steven},
  title = {{The \{Nexus\} Approach to Integrating Multithreading and Communication}},
  journal = {Journal of Parallel and Distributed Computing},
  year = {1996},
  volume = {37},
  pages = {70--82},
  number = {1}
}

@TECHREPORT{borenstein:1992,
  author = {Freed, N and Borenstein, N and Bellcore, NB and Innosoft, NF},
  title = {{MIME (Multipurpose Internet Mail Extensions)}},
  institution = {Bellcore},
  year = {1992},
  type = {Internet Request for Comments},
  number = {1341},
  annote = {Available via the World Wide Web at $\backslash$url\{http://www.faqs.org/rfcs/rfc1341.html\}},
  url = {http://citeseerx.ist.psu.edu/viewdoc/summary?doi=10.1.1.37.7782}
}

@ARTICLE{CellDesigner2003,
  author = {A. Funahashi and N. Tanimura and M. Morohashi and H. Kitano, H},
  title = {CellDesigner: a process diagram editor for gene-regulatory and biochemical
	networks},
  journal = {BIOSILICO},
  year = {2003},
  volume = {1},
  pages = {159--162}
}

@ARTICLE{GardnerNature2000,
  author = {T. S. Gardner and C. R. Cantor and J. J. Collins},
  title = {Construction of a genetic toggle switch in Escherichia coli},
  journal = {Nature},
  year = {2000},
  volume = {403},
  pages = {339--342}
}

@ARTICLE{GardnerNegFeedbackComment,
  author = {T. S. Gardner and J. J. Collins},
  title = {Neutralizing noise in gene networks},
  journal = {Nature},
  year = {2000},
  volume = {405},
  pages = {520--521}
}

@ARTICLE{Ga81,
  author = {D. Garfinkel},
  title = {Computer modelling of metabolic pathways},
  journal = {Trends Biochem. Sci.},
  year = {1981},
  volume = {6},
  pages = {69--71}
}

@ARTICLE{Ga71,
  author = {D. Garfinkel},
  title = {Simulation of the Krebs Cycle and Closely Related Metabolism in Perfused
	Rat Liver. II Properties of the model.},
  journal = {Comput. Biomed. Res.},
  year = {1971},
  volume = {4},
  pages = {18--42}
}

@ARTICLE{Ga68,
  author = {D. Garfinkel},
  title = {A Machine-Independent Language for the Simulation of Complex Chemical
	and Biochemical Systems.},
  journal = {Comput. Biomed. Res.},
  year = {1968},
  volume = {2},
  pages = {31--44}
}

@ARTICLE{GH64,
  author = {D. Garfinkel and B. Hess},
  title = {Metabolic Control Mechanisms {VII}. A detailed computer model of
	the glycolytic pathway in Ascites cells.},
  journal = {J. Biol. Chem},
  year = {1964},
  volume = {239},
  pages = {971--983}
}

@ARTICLE{Ga77,
  author = {D. Garfinkel and C. B. Marbach and N. Z. Shapiro},
  title = {Stiff Differential Equations},
  journal = {Annual Review of Biophysics and Bioengineering},
  year = {1977},
  volume = {6},
  pages = {525--542}
}

@ARTICLE{Ga61,
  author = {D. Garfinkel and J. D. Rutledge and J. J. Higgins},
  title = {Simulation and analysis of biochemical systems: I. representation
	of chemical kinetics},
  journal = {Communications of the ACM},
  year = {1961},
  volume = {4(12)},
  pages = {559--562}
}

@ARTICLE{COR2003,
  author = {GARNY, A. and KOHL, P. and NOBLE, D.},
  title = {CELLULAR OPEN RESOURCE (COR): A PUBLIC CELLML BASED ENVIRONMENT FOR
	MODELING BIOLOGICAL FUNCTION},
  journal = {International Journal of Bifurcation and Chaos},
  year = {2003},
  volume = {13},
  pages = {3579-3590},
  number = {12},
  doi = {10.1142/S021812740300882X},
  eprint = {http://www.worldscientific.com/doi/pdf/10.1142/S021812740300882X},
  url = {http://www.worldscientific.com/doi/abs/10.1142/S021812740300882X}
}

@ARTICLE{Garrington1999,
  author = {T. P. Garrington and G. L. Johnson},
  title = {Organization and regulation of mitogen-activated protein kinase signaling
	pathways.},
  journal = {Curr Opin Cell Biol.},
  year = {1999},
  volume = {11},
  pages = {211--8}
}

@BOOK{Gear,
  title = {Numerical Initial Value Problems in Ordinary Differential Equations.},
  publisher = {Prentice-Hall, Inc. Englewood Cliffs, New Jersey},
  year = {1971},
  author = {C. W. Gear}
}

@ARTICLE{gibson:2000,
  author = {Gibson, MA and Bruck, J},
  title = {{Efficient exact stochastic simulation of chemical systems with many
	species and many channels}},
  journal = {The journal of physical chemistry A},
  year = {2000},
  volume = {104},
  pages = {1876--1889},
  url = {http://pubs.acs.org/doi/abs/10.1021/jp993732q}
}

@ARTICLE{Gi88a,
  author = {C. Giersch},
  title = {Control analysis of metabolic networks: 1. homogeneous functions
	and the summation theorem for control coefficients.},
  journal = {Eur. J. Biochem},
  year = {1988},
  volume = {174},
  pages = {509-513}
}

@ARTICLE{Gi88b,
  author = {C. Giersch},
  title = {Control analysis of metabolic networks: 2. total differentials and
	general formulation of the connectivity relations.},
  journal = {Eur. J. Biochem.},
  year = {1988},
  volume = {174},
  pages = {515--519}
}

@ARTICLE{Gi88c,
  author = {C. Giersch},
  title = {Control analysis of biochemical pathways.},
  journal = {J. Theor. Biol.},
  year = {1988},
  volume = {134},
  pages = {451--462}
}

@ARTICLE{gillespie:2001,
  author = {Gillespie, D},
  title = {{Approximate accelerated stochastic simulation of chemically reacting
	systems}},
  journal = {J. Chem. Phys.},
  year = {2001},
  volume = {In press}
}

@ARTICLE{gillespie:2000,
  author = {Gillespie, D},
  title = {{The chemical Langevin equation}},
  journal = {J. Chem. Phys.},
  year = {2000},
  volume = {113},
  pages = {297--306}
}

@ARTICLE{gillespie:1992,
  author = {Gillespie, DT},
  title = {{A rigorous derivation of the chemical master equation}},
  journal = {Physica A: Statistical Mechanics and its Applications},
  year = {1992},
  volume = {188},
  pages = {404--425},
  url = {http://www.sciencedirect.com/science/article/pii/037843719290283V}
}

@ARTICLE{gillespie:1977,
  author = {Gillespie, DT},
  title = {{Exact stochastic simulation of coupled chemical reactions}},
  journal = {The journal of physical chemistry},
  year = {1977},
  volume = {81},
  pages = {2340--2361},
  url = {http://pubs.acs.org/doi/abs/10.1021/j100540a008}
}

@ARTICLE{gillespie:1976,
  author = {Gillespie, DT},
  title = {{A general method for numerically simulating the stochastic time
	evolution of coupled chemical reactions}},
  journal = {Journal of computational physics},
  year = {1976},
  volume = {22},
  pages = {403--434},
  url = {http://web.mit.edu/endy/www/scraps/signal/JCompPhys(22)403.pdf}
}

@MISC{gilman:2000,
  author = {Gilman, A},
  title = {{A letter to the signaling community}},
  howpublished = {Alliance for Cellular Signaling, The University of Texas Southwestern
	Medical Center. Available via the World Wide Web at $\backslash$url\{http://afcs.swmed.edu/afcs/Letter\_to\_community.htm\}},
  year = {2000},
  booktitle = {Alliance for Cellular Signaling, The University of Texas \ldots},
  url = {http://scholar.google.com/scholar?hl=en\&btnG=Search\&q=intitle:A+Letter+to+the+Signaling+Community\#0}
}

@INPROCEEDINGS{ginkel:2000,
  author = {Ginkel, M and Kremling, A and Tr\"{a}nkle, F and Gilles, E.\~{}D.
	and Zeitz, M},
  title = {{Application of the process modeling tool \{ProMot\} to the modeling
	of metabolic networks}},
  booktitle = {Proceedings of the 3rd MATHMOD},
  year = {2000},
  editor = {Troch, I and Breitenecker, F},
  pages = {525--528}
}

@ARTICLE{Promot2000,
  author = {M. Ginkel and A. Kremling and F. Trankle and E. D. Gilles and M.
	Zeitz},
  title = {Application of the process modeling tool ProMot to the modeling of
	metabolic networks},
  journal = {Proc. 3rd MATHMOD Conf.},
  year = {2000},
  pages = {525-???528}
}

@ARTICLE{gleeson2010,
  author = {Gleeson, P. and Crook, S. and Cannon, R.C. and Hines, M.L. and Billings,
	G.O. and Farinella, M. and Morse, T.M. and Davison, A.P. and Ray,
	S. and Bhalla, U.S. and others},
  title = {NeuroML: a language for describing data driven models of neurons
	and networks with a high degree of biological detail},
  journal = {PLoS computational biology},
  year = {2010},
  volume = {6},
  pages = {e1000815},
  number = {6},
  publisher = {Public Library of Science}
}

@MISC{GNS:2003,
  author = {GNS},
  title = {Gene Network Sciences: Company Web Page},
  howpublished = {Gene Network Sciences accelerates the drug discovery process by creating
	dynamic computer models of living cells, {\tt www.gnsbiotech.com}},
  year = {2003}
}

@ARTICLE{goddard:2001,
  author = {Goddard, Nigel\~{}H. and Hucka, Michael and Howell, Fred and Cornelis,
	Hugo and Shankar, Kavita and Beeman, David},
  title = {{Towards \{NeuroML\}: Model Description Methods for Collaborative
	Modelling in Neuroscience}},
  journal = {Philosophical Transactions of the Royal Society},
  year = {2001},
  annote = {In press}
}

@MISC{colan:1999,
  author = {Golan, M},
  title = {{InfoBus 1.2 Specification}},
  howpublished = {Available via the World Wide Web at $\backslash$url\{http://java.sun.com/products/javabeans/infobus/\}},
  year = {1999},
  booktitle = {Lotus},
  url = {http://scholar.google.com/scholar?hl=en\&btnG=Search\&q=intitle:\{InfoBus\}+1.2+Specification\#0}
}

@ARTICLE{GD83,
  author = {A. Goldbeter and O. Decroly},
  title = {Temporal self-organization in biochemical systems: periodic behaviour
	vs. chaos.},
  journal = {Amer. J. Physiol},
  year = {1983},
  volume = {245},
  pages = {R478--R483}
}

@ARTICLE{Goldbeter:1984,
  author = {A. Goldbeter and D. E. Koshland},
  title = {Ultrasensitivity in biochemical systems controlled by covalent modification.
	Interplay between zero-order and multistep effects.},
  journal = {J. Biol. Chem.},
  year = {1984},
  volume = {259},
  pages = {14441--7}
}

@ARTICLE{GDKosh81,
  author = {A. Goldbeter and D. E. Koshland},
  title = {An amplified sensitivity arising from covalent modification in biological
	systems},
  journal = {Proc. Natl. Acad. Sci},
  year = {1981},
  volume = {78},
  pages = {6840--6844}
}

@BOOK{MAPKBook2002,
  title = {Signal Transduction},
  publisher = {Academic Press},
  year = {2002},
  author = {B. D. Gomperts and I. M. Mramer and P. E. R. Tatham}
}

@ARTICLE{Gonze2001,
  author = {D. Gonze and A. Goldbeter},
  title = {A model for a network of phosphorylation-dephosphorylation cycles
	displaying the dynamics of dominoes and clocks.},
  journal = {J. Theor. Biol.},
  year = {2001},
  volume = {210},
  pages = {167--86}
}

@MISC{goryanin:2001,
  author = {Goryanin, I},
  title = {{$\backslash$emph\{DBsolve\}: Software for Metabolic, Enzymatic and
	Receptor-Ligand Binding Simulation}},
  howpublished = {Available via the World Wide Web at $\backslash$url\{http://websites.ntl.com/\~{}igor.goryanin/\}},
  year = {2001}
}

@ARTICLE{goryanin:1999,
  author = {Goryanin, I and Hodgman, T.\~{}C. and Selkov, E},
  title = {{Mathematical simulation and analysis of cellular metabolism and
	regulation.}},
  journal = {Bioinformatics},
  year = {1999},
  volume = {15},
  pages = {749--758},
  number = {9},
  url = {http://bioinformatics.oxfordjournals.org/content/15/9/749.short}
}

@MISC{grace:1999,
  author = {{Grace Software}},
  title = {{JavaLog}},
  howpublished = {Available via the World Wide Web at $\backslash$url\{http://www.homestead.com/javalog/\}.},
  year = {1999}
}

@PHDTHESIS{Gr84,
  author = {A. . Groen},
  title = {Quantification of control in studies on intermediary metabolism.},
  school = {University of Amsterdam},
  year = {1984}
}

@ARTICLE{Gr86,
  author = {Groen, A. K. and van Roermund, C. W. T. Vervoorn, R. C. and Tager,
	J. M.},
  title = {Control of gluconeogenesis in rat liver cells.},
  journal = {Biochem. J.},
  year = {1986},
  volume = {237},
  pages = {379--389}
}

@ARTICLE{Gr83,
  author = {A. K. Groen and R. C. Vervoorn and R. Van der Meer and J. M. Tager},
  title = {Control of gluconeogenesis in rat liver cells. 1. Kinetics of the
	individual enzymes and the effects of glucagon.},
  journal = {J. Biol. Chem.},
  year = {1983},
  volume = {258},
  pages = {14346--14353}
}

@ARTICLE{Gr82,
  author = {Groen, A. K. and Wanders, R. J. A. and Westerhoff, H. V. and van
	der Meer, R. and Tager, J. M.},
  title = {Quantification of the contribution of various steps to the control
	of mitochondrial respiration.},
  journal = {J. Biol. Chem.},
  year = {1982},
  volume = {257},
  pages = { 2754--2757 }
}

@BOOK{gropp:1999,
  title = {{Using MPI: portable parallel programming with the message passing
	interface}},
  year = {1999},
  author = {Gropp, William and Lusk, Ewing and Skjellum, Anthony},
  url = {http://books.google.com/books?hl=en\&lr=\&id=xpBZ0RyRb-oC\&oi=fnd\&pg=PA1\&dq=Using+\%7BMPI\%7D:+Portable+Parallel+Programming+with+the+\%7BMessage+Passing+Interface\%7D\&ots=uaeuo2PNbR\&sig=inHRkMRE7esAlAmsQ4uJjEuPe-A}
}

@ARTICLE{Grossman1995,
  author = {A. D. Grossman},
  title = {Genetic Networks Controlling the Initiation of Sporulation and the
	Development of Genetic Competence in Bacillus Subtilus},
  journal = {Annual Reviews in Genetics},
  year = {1995},
  volume = {29},
  pages = {477--508}
}

@ARTICLE{gurdon:1988,
  author = {Gurdon, J.\~{}B.},
  title = {{A community effect in animal development}},
  year = {1988},
  volume = {336},
  pages = {772--774},
  number = {6201},
  url = {http://www.nature.com/nature/journal/v336/n6201/abs/336772a0.html}
}

@BOOK{harbison:1995,
  title = {{C, a reference manual}},
  year = {1991},
  author = {Harbison, S.\~{}P. and Steele, G.\~{}L.},
  url = {http://dl.acm.org/citation.cfm?id=574679}
}

@BOOK{hughes:1999,
  title = {{Java network programming}},
  publisher = {Manning Publications Co.},
  year = {2004},
  author = {Harold, E},
  url = {http://books.google.com/books?hl=en\&lr=\&id=NyxObrhTv5oC\&oi=fnd\&pg=PT9\&dq=Java+Network+Programming\&ots=1eeNyFXqPU\&sig=Zu6spkRPOEptC-75F6OvbYcOqBg}
}

@BOOK{harold:2001,
  title = {{XML} in a Nutshell},
  publisher = OREILLY,
  year = {2001},
  author = {E.~R. Harold and E.~S. Means}
}

@ARTICLE{Hasty2002,
  author = {J. Hasty and D. McMillen and J. J. Collins},
  title = {Engineered gene circuits},
  journal = {Nature},
  year = {2002},
  volume = {420},
  pages = {224--30}
}

@ARTICLE{HastyReview2001,
  author = {J. Hasty and D. McMillen and F. Isaacs and J. J. Collins},
  title = {Computational Studies of Gene Regulatory Networks: in Numero Molecular
	Biology},
  journal = {Nature Reviews: Genetics},
  year = {2001},
  volume = {2},
  pages = {268--279}
}

@ARTICLE{HayesAmSci,
  author = {Brian Hayes},
  title = {Computing omes to Life},
  journal = {American Scientist},
  year = {2001},
  volume = {89},
  pages = {204???208}
}

@ARTICLE{HazzalinGraded,
  author = {C. Hazzalin and L. C. Mahadevan},
  title = {MAPK-Regulated Transciption: A Continuously Variable Gene Switch?},
  journal = {Nature Reviews: Molecular Cell Biology},
  year = {2002},
  volume = {3},
  pages = {30--40}
}

@ARTICLE{Hecker2001,
  author = {M. Hecker and U. Volker},
  title = {General stress response of Bacillus subtilis and other bacteria.},
  journal = {Adv Microb Physiol.},
  year = {2001},
  volume = {44},
  pages = {35--91}
}

@ARTICLE{hedley:2001,
  author = {Hedley, Warren\~{}J. and Nelson, Melanie\~{}R. and Bullivant, D.\~{}P.
	and Nielson, Poul\~{}F.},
  title = {{A Short Introduction to \{CellML\}}},
  year = {2001},
  volume = {359},
  pages = {1073--1089}
}

@MISC{hedley:2001b,
  author = {Hedley, WJ and Nelson, MR and Bullivant, David and Cuellar, Autumn},
  title = {{CellML specification}},
  howpublished = {Available via the World Wide Web at $\backslash$url\{http://www.cellml.org/public/specification/20010810/cellml\_specification.html\}.},
  year = {2001},
  booktitle = {\ldots . org/public/specification/ \ldots},
  url = {http://scholar.google.com/scholar?hl=en\&btnG=Search\&q=intitle:\{CellML\}+Specification\#0}
}

@MISC{Hedley2001,
  author = {W. J. Hedley and N. R. Melanie and D. Bullivant and A. Cuellar and
	Yi Ge and M. Grehlinger and K. Jim and S. Lett and D. Nickerson and
	P. Nielsen and H. Yu},
  title = {{CellML} Specification},
  howpublished = {Available via the World Wide Web at {\tt http://www.cellml.org}.},
  year = {2001}
}

@ARTICLE{Hedley2001a,
  author = {W. J. Hedley and N. R. Melanie and D.~P. Bullivant and P. F. Nielson},
  title = {A Short Introduction to {CellML}},
  journal = {Phil. Trans. Roy. Soc. London A},
  year = {2001},
  volume = {359},
  pages = {1073--1089}
}

@ARTICLE{Heijden1984a,
  author = {R. T. J. M. van der Heijden and J. J Heijnen and C. Hellinga and
	B. Romein and K. Ch. A. M. Luyben},
  title = {Linear constraint relations in biochemical reaction systems: I. Classification
	of the calculability and the balancebility of conversion rates},
  journal = {Biotechnol. Bioeng.},
  year = {1994},
  volume = {43},
  pages = {3-???10}
}

@ARTICLE{HRR77,
  author = {R. Heinrich and S. M. Rapoport and T. A. Rapoport},
  title = {Metabolic regulation and mathematical models.},
  journal = {Prog. Biophys. Molec. Biol.},
  year = {1977},
  volume = {32},
  pages = {1--82}
}

@ARTICLE{HR74a,
  author = {R. Heinrich and T. A. Rapoport},
  title = {A Linear Steady-state Treatment of Enzymatic Chains; General Properties,
	Control and Effector Strength},
  journal = {Eur. J. Biochem.},
  year = {1974},
  volume = {42},
  pages = {89--95}
}

@ARTICLE{HR74b,
  author = {R. Heinrich and T. A. Rapoport},
  title = {A Linear Steady State Treatment of Enzymatic Chains. Critique of
	the Crossover Theorem and a General Procedure to Identify Interaction
	Sites with an Effector.},
  journal = {Eur. J. Biochem.},
  year = {1974},
  volume = {42},
  pages = {97--105}
}

@BOOK{Schuster:Book,
  title = {The Regulation of Cellular Systems},
  publisher = {Chapman and Hall},
  year = {1996},
  author = {R. Heinrich and S Schuster}
}

@ARTICLE{He87,
  author = {J.-F. Hervagault and S. Canu},
  title = {Bistability and irreversible transitions in a simple substrate cycle},
  journal = {J. Theor. Biol.},
  year = {1987},
  volume = {127},
  pages = {439-449}
}

@ARTICLE{He89,
  author = {J.-F. Hervagault and A. Cimino},
  title = {Dynamic behaviours of an open substrate cycle: a graphical approach},
  journal = {J. Theor. Biol.},
  year = {1989},
  volume = {140},
  pages = {399-416}
}

@ARTICLE{He68,
  author = {B. Hess and A. Boiteux and J. Kruger},
  title = {Cooperation of glycolytic enzymes.},
  journal = {Adv. Enzyme Reg.},
  year = {1968},
  volume = {7},
  pages = {149--167}
}

@ARTICLE{Hi63,
  author = {J. Higgins},
  title = {Analysis of sequential reactions.},
  journal = {Ann. N. Y. Acad. Sci.},
  year = {1963},
  volume = {108},
  pages = {305--321}
}

@PHDTHESIS{Hi59,
  author = {J. J. Higgins},
  title = {Kinetic properties of sequential enzyme systems.},
  school = {University of Pennsylvania},
  year = {1959}
}

@INCOLLECTION{HIND83,
  author = {A. C. Hindmarsh},
  title = {ODEPACK, a systematized collection of ode solvers in scientific computing.},
  publisher = {North-Holland, Amsterdam},
  year = {1983},
  pages = {55--64}
}

@ARTICLE{Hjelmfelt1992,
  author = {A. Hjelmfelt and E. D. Weinberger and J. Ross},
  title = {Chemical implementation of finite-state machines},
  journal = {Proc. natl. Acad. Sci},
  year = {1992},
  volume = {89},
  pages = {383--387}
}

@ARTICLE{Hjelmfelt1991,
  author = {A. Hjelmfelt and E. D. Weinberger and J. Ross},
  title = {Chemical implementation of neural networks and Turing machines},
  journal = {Proc. natl. Acad. Sci},
  year = {1991},
  volume = {88},
  pages = {10983--10987}
}

@ARTICLE{hlavacek:1997,
  author = {Hlavacek, W.\~{}S. and Savageau, M.\~{}A.},
  title = {{Completely uncoupled and perfectly coupled gene expression in repressible
	systems}},
  journal = {Journal of molecular biology},
  year = {1997},
  volume = {266},
  pages = {538--558},
  number = {3},
  month = feb,
  url = {http://www.sciencedirect.com/science/article/pii/S0022283696908116}
}

@ARTICLE{hofmeyr:1997,
  author = {Hofmeyr, JHS and Cornish-Bowden, H},
  title = {{The reversible Hill equation: how to incorporate cooperative enzymes
	into metabolic models}},
  journal = {Computer applications in the \ldots},
  year = {1997},
  volume = {13},
  pages = {377--385},
  url = {http://bioinformatics.oxfordjournals.org/content/13/4/377.short}
}

@ARTICLE{HofmeyrModularity,
  author = {J.-H.S. Hofmeyr and H. V. Westerhoff},
  title = {Building the Cellular Puzzle: Control in Multi-level Reaction Networks},
  journal = {J.Theor. Biol},
  year = {2001},
  volume = {208},
  pages = {261--285}
}

@INPROCEEDINGS{hofmeyr-nutshell,
  author = {J.-H. S. Hofmeyr},
  title = {Metabolic Control Analysis in a Nutshell},
  booktitle = {Proceedings of the Second International Conference on Systems Biology},
  year = {2001},
  publisher = {Caltech}
}

@PHDTHESIS{Ho86a,
  author = {J.-H. S. Hofmeyr},
  title = {Studies in steady state modelling and control analysis of metabolic
	systems.},
  school = {University of Stellenbosch.},
  year = {1986}
}

@ARTICLE{Ho86b,
  author = {J.-H. S. Hofmeyr},
  title = {Steady state modelling of metabolic pathways: a guide for the prespective
	simulator.},
  journal = {Comp. Appl. Biosci.},
  year = {1986},
  volume = {2},
  pages = {5--11}
}

@ARTICLE{HKM86,
  author = {J.-H. S. Hofmeyr and H. Kacser and K. J. van der Merwe},
  title = {Metabolic Control Analysis of Moiety-Conserved Cycles},
  journal = {Eur. J. Biochem.},
  year = {1986},
  volume = {155},
  pages = {631--641}
}

@ARTICLE{HM86,
  author = {J.-H. S. Hofmeyr and K. J. van der Merwe},
  title = {METAMOD: software for steady-state modelling and control analysis
	of metabolic pathways on the BBC microcomputer.},
  journal = {Comp. Appl. Biosci.},
  year = {1986},
  volume = {2},
  pages = {243--249}
}

@ARTICLE{Ho84,
  author = {M. Holmes and A. Crespo Armas and J. Mowbray},
  title = { },
  journal = {FEBS Lett.},
  year = {1984},
  volume = {177},
  pages = {231--236}
}

@INCOLLECTION{Holstein1994,
  author = {H. Holstein and C.P. Greenshaw},
  title = {A Numerical Treatment of Metabolic Control Models},
  booktitle = {Biothermokinetics},
  publisher = {Intercept Ltd, Andover},
  year = {1994},
  editor = {Hans V. Westerhoff},
  pages = {293--299}
}

@ARTICLE{HJB85,
  author = {H-G. Holzhutter and G. Jacobasch and A. Bisdorff},
  title = {Mathematical modelling of metabolic pathways affected by an enzyme
	deficiency.},
  journal = {Eur. J. Biochem.},
  year = {1985},
  volume = {149},
  pages = {101--111}
}

@ARTICLE{Horn72,
  author = {F. Horn and R. Jackson},
  title = {General Mass Action Kinetics},
  journal = {Arch. Rational Mech. Anal},
  year = {1972},
  volume = {47},
  pages = {81--116}
}

@BOOK{ArtOfElectronics,
  title = {The Art of Electronics},
  publisher = {Cambridge University Press},
  year = {1990},
  author = {P. Horowitz and H. Winfield}
}

@BOOK{hortsmann:2000,
  title = {{Core \{Java\} 2, Volume 1: Fundamentals (5th \{CD\} Edition)}},
  year = {2000},
  author = {Hortsmann, C.\~{}S. and Cornell, G}
}

@ARTICLE{Ho88,
  author = {M. D. Houslay},
  title = {Microfile: Into {STELLAR} Space.},
  journal = {Trends in Biochemical Sciences.},
  year = {1988},
  volume = {13},
  pages = {234--235}
}

@ARTICLE{Ferrell:1996,
  author = {C. F. Huang and J. E. Ferrell},
  title = {Ultrasensitivity in the mitogen-activated protein kinase cascade},
  journal = {Proc. Natl. Acad. Sci},
  year = {1996},
  volume = {93},
  pages = {10078--10083}
}

@INPROCEEDINGS{HuckaSBW2002,
  author = {H. M. Hucka and A. Finney and H. M. Sauro and H. Bolouri and J. Doyle
	and H. Kitano},
  title = {The {ERATO Systems Biology Workbench}: enabling interaction and exchange
	between software tools for computational biology.},
  booktitle = {Pac Symp Biocomput.},
  year = {2002},
  pages = {450--461},
  publisher = {World Scientific Pub Co}
}

@MISC{hucka:2000b,
  author = {Hucka, M},
  title = {{\{SCHUCS\}: A Notation for Describing Model Representations Intended
	for \{XML\} Encoding}},
  howpublished = {Available via the World Wide Web at $\backslash$url\{ftp://ftp.cds.caltech.edu/pub/caltech-erato/notation/\}},
  year = {2000}
}

@INPROCEEDINGS{hucka:2000,
  author = {Hucka, M and Beeman, D and Shankar, K and Emardson, S and Bower,
	J.\~{}M.},
  title = {{The \{M\}odeler's \{W\}orkspace: A Tool for Computational Neuroscientists}},
  booktitle = {Society for Neuroscience Abstracts},
  year = {2000},
  address = {Miami, Florida},
  organization = {Society for Neuroscience},
  annote = {21.69}
}

@MISC{hucka:2002c,
  author = {Hucka, Michael and Finney, Andrew},
  title = {{The \{SBW-CORBA G\}ateway}},
  year = {2002}
}

@MISC{hucka:2001e,
  author = {Hucka, Michael and Finney, Andrew},
  title = {{Source Code for \{XML-RPC\} versus \{SBW-RPC\} Comparison}},
  howpublished = {Available via the World Wide Web at $\backslash$url\{ftp://ftp.cds.caltech.edu/pub/caltech-erato/message-comparison\}},
  year = {2001}
}

@INPROCEEDINGS{hucka:2001f,
  author = {Hucka, Michael and Finney, Andrew and Sauro, Herbert\~{}M.},
  title = {{The erato systems biology workbench: Architectural evolution}},
  booktitle = {\ldots on Systems Biology},
  year = {2001},
  editor = {Yi, Tau-Mu and Hucka, Michael and Morohashi, Mineo and Kitano, Hiroaki},
  pages = {352--361},
  publisher = {Omnipress, Inc.},
  url = {http://128.208.17.26/caltechSBW/sbwDocs/docs/icsb2001/icsb2001-distrib.ps}
}

@MISC{hucka:2001c,
  author = {Hucka, M and Finney, A and Sauro, H.\~{}M. and Bolouri, H},
  title = {{A comparison of two alternative message-passing approaches for SBW}},
  howpublished = {Available via the World Wide Web at $\backslash$url\{http://www.cds.caltech.edu/erato/sbw/docs/xml-rpc-comparison/\}},
  year = {2001},
  booktitle = {\ldots . edu/erato/sbw/docs/xml-rpc-comparison},
  url = {http://scholar.google.com/scholar?hl=en\&btnG=Search\&q=intitle:A+Comparison+of+Two+Alternative+Message-Passing+Approaches+for+\{SBW\}\#0}
}

@INPROCEEDINGS{hucka:2002,
  author = {Hucka, Michael and Finney, Andrew and Sauro, Herbert\~{}M. and Bolouri,
	Hamid and Doyle, John\~{}C. and Kitano, Hiroaki},
  title = {{The \{ERATO\} \{S\}ystems \{B\}iology \{W\}orkbench: Enabling Interaction
	and Exchange Between Software Tools for Computational Biology}},
  booktitle = {Pacific Symposium on Biocomputing 2002},
  year = {2002},
  editor = {Altman, Russ\~{}B. and Dunker, A.\~{}Keith and Lawrence\~{}Hunker
	and Lauderdale, Kevin and Klein, Teri\~{}E.},
  publisher = {World Scientific Press}
}

@MISC{hucka:2002b,
  author = {Hucka, Michael and Finney, Andrew and Sauro, Herbert\~{}M. and Bolouri,
	Hamid and Hucka, Michael and Finney, Andrew and Bolouri, Hamid},
  title = {{Systems \{B\}iology \{W\}orkbench \{Java\}$\backslash$textsuperscript\{$\backslash$tiny\{$\backslash$texttrademark\}\}
	Programmer's Manual}},
  howpublished = {Available via the World Wide Web at $\backslash$url\{http://www.cds.caltech.edu/erato/sbw/docs\}},
  year = {2002}
}

@MISC{hucka:2000c,
  author = {Hucka, M and Finney, A and Sauro, H and Bolouri, H},
  title = {{Preliminary High-Level Design for the \{Biology Modeling Framework\}}},
  howpublished = {California Institute of Technology},
  year = {2000}
}

@MISC{hucka:2001,
  author = {M. Hucka and A. Finney and H.~M. Sauro and H. Bolouri},
  title = {{Systems Biology Markup Language} ({SBML}) {L}evel 1: Structures
	and Facilities for Basic Model Definitions},
  howpublished = {Available via the World Wide Web at {\tt http://www.cds.caltech.edu/erato}},
  year = {2001}
}

@ARTICLE{hucka:2002d,
  author = {M. Hucka and A. Finney and H.~M. Sauro and H. Bolouri and J.~C. Doyle
	and H. Kitano and A.~P. Arkin and B.~J. Bornstein and D. Bray and
	A. Cornish-Bowden and A.~A. Cuellar and S. Dronov and E.~D. Gilles
	and M. Ginkel and V. Gor and I.~I. Goryanin and W.~J. Hedley and
	T.~C. Hodgman and J.-H. Hofmeyr and P.~J. Hunter and N.~S. Juty and
	J.~L. Kasberger and A. Kremling and U. Kummer and N. Le~Nov\`{e}re
	and L.~M. Loew and D. Lucio and P. Mendes and E.~D. Mjolsness and
	Y. Nakayama and M.~R. Nelson and P.~F. Nielsen and T. Sakurada and
	J.~C. Schaff and B.~E. Shapiro and T.~S. Shimizu and H.~D. Spence
	and J. Stelling and K. Takahashi and M. Tomita and J. Wagner and
	J. Wang},
  title = {The {Systems Biology Markup Language} ({SBML}): A Medium for Representation
	and Exchange of Biochemical Network Models},
  journal = {Boinformatics},
  year = {2003},
  volume = {19},
  pages = {524-531}
}

@MISC{hudson:1999,
  author = {Hudson, Scott\~{}E. and Flannery, Frank and Ananian, C.\~{}Scott},
  title = {{\{CUP\} Parser Generator for \{Java\}}},
  howpublished = {Available via the World Wide Web at $\backslash$url\{http://www.cs.princeton.edu/\~{}appel/modern/java/CUP/\}.},
  year = {1999}
}

@ARTICLE{Hunting1974,
  author = {A. Hunting},
  title = {Limit-cycles in enzyme-systems with nonlinear negative feedback},
  journal = {Biophys. Struct. Mech.},
  year = {1974},
  volume = {1},
  pages = {47--54}
}

@INCOLLECTION{Ill72,
  author = {J. A. Illingworth},
  title = {Computer simulation studies on the control mechanism of yeast isocitrate
	dehydrogenase},
  booktitle = {Analysis and Simulation of Biochemical Systems},
  publisher = {North-Holland, Amsterdam},
  year = {1972},
  editor = {H. C. Hemker and B. Hess},
  series = {FEBS Symposium, $8^{th}$ meeting},
  pages = {345--359}
}

@MISC{physiome:2001,
  author = {Physiome Sciences Inc.},
  title = {Company Page},
  howpublished = {Provider of customizable computer-based models of cells, organs and
	systems, {\tt http://www.physiome.com}},
  year = {2001}
}

@ARTICLE{Ingalls2002,
  author = {B. P. Ingalls and H. M. Sauro},
  title = {Sensitivity Analysis of Stoichiometric Networks: An Extension of
	Metabolic Control Analysis to Non-equilibrium Trajectories},
  journal = {J. theor. Biol},
  year = {2002},
  volume = {0},
  pages = {0--0}
}

@MISC{Intel,
  author = {Intel},
  title = {Intel Corporation},
  howpublished = {url: http://www.intel.com},
  year = {2003}
}

@ARTICLE{Ir88,
  author = {D. H. Irvine},
  title = {S--Systems. Efficient solution of nonlinear models expressed in S--System
	canonical form},
  journal = {Math. Comput. Modelling.},
  year = {1988},
  volume = {11},
  pages = {123--128}
}

@ARTICLE{Ferrell2002,
  author = {J. E. Ferrell, Jr},
  title = {Self-perpetuating states in signal transduction: positive feedback,
	double-negative feedback and bistability},
  journal = {Current Opinion in Cell Biology},
  year = {2002},
  volume = {14},
  pages = {140-148}
}

@MISC{janssen:1999,
  author = {Janssen, Bill and Spreitzer, Mike and Larner, Dan and Jacobi, Chris},
  title = {{\{ILU\} 2.0beta1 Reference Manual}},
  howpublished = {Available via the World Wide Web at $\backslash$url\{ftp://ftp.parc.xerox.com/pub/ilu/ilu.html\}},
  year = {1999}
}

@ARTICLE{JP90,
  author = {A. Joshi and B. O. Palsson},
  title = {Metabolic Dynamics in the Human Red Cell. Part IV-Data Prediction
	and Some Model Computations},
  journal = {J. Theor. Biol},
  year = {1990},
  volume = {142},
  pages = {69--85}
}

@BOOK{JungOpAmps,
  title = {IC Op-Amp Cookbook},
  publisher = {Prentice Hall PTR; 3rd edition},
  year = {1986},
  author = {W. G. Jung}
}

@INPROCEEDINGS{kohn2008,
  author = {K{\"o}hn, D. and Le Novere, N.},
  title = {SED-ML--an XML format for the implementation of the MIASE guidelines},
  booktitle = {Computational Methods in Systems Biology},
  year = {2008},
  pages = {176--190},
  organization = {Springer}
}

@ARTICLE{Ka83,
  author = {H. Kacser},
  title = {The control of enzyme systems in vivo: elasticity of the steady state.},
  journal = {Biochem. Soc. Trans.},
  year = {1983},
  volume = {11},
  pages = {35--40 }
}

@ARTICLE{KB79,
  author = {H. Kacser and J.A. Burns},
  title = {Molecular democracy: who shares the controls?},
  journal = {Biochem. Soc. Trans.},
  year = {1979},
  volume = {7},
  pages = {1149--1160. }
}

@INCOLLECTION{KB73,
  author = {H. Kacser and J. A. Burns},
  title = {The Control of Flux},
  booktitle = {Rate Control of Biological Processes},
  publisher = {Cambridge University Press},
  year = {1973},
  editor = {D. D. Davies},
  volume = {27},
  series = {Symp. Soc. Exp. Biol.},
  pages = {65--104}
}

@ARTICLE{KB81,
  author = {H. Kacser and J. A. Burns},
  title = {The Molecular Basis of Dominance.},
  journal = {Genetics},
  year = {1981},
  volume = {97},
  pages = {1149--1160}
}

@ARTICLE{KP87b,
  author = {H. Kacser and J.W. Porteous},
  title = {Reply to {S}avageau.},
  journal = {Trends Biochem. Sci.},
  year = {1987},
  volume = {12},
  pages = {222--223 }
}

@ARTICLE{KP87a,
  author = {H. Kacser and J. W. Porteous},
  title = {Control of Metabolism: what do we have to measure?},
  journal = {Trends in Biochemical Sciences},
  year = {1987},
  volume = {12},
  pages = {5--14}
}

@INCOLLECTION{KSA90a,
  author = {H. Kacser and H. M. Sauro and L. Acerenza},
  title = {Control Analysis of Systems with Enzyme-Enzyme Interactions},
  booktitle = {Control of Metabolic Processes},
  publisher = {Plenum Press, New York},
  year = {1990},
  editor = {A. Cornish-Bowden and M. L. C\'{a}rdenas},
  series = {NATO ASI Series},
  chapter = {20},
  pages = {251--257}
}

@ARTICLE{KSA90,
  author = {H. Kacser and H. M. Sauro and L. Acerenza},
  title = {Enzyme-enzyme interaction and control analysis. 1. The case of non-additivity:
	monomer-oligomer associations.},
  journal = {Eur. J. Biochem.},
  year = {1990},
  volume = {187},
  pages = {481--491}
}

@ARTICLE{Kahn:1991,
  author = {D. Kahn and H. V. Westerhoff},
  title = {Control Theory of Regulatory Cascades},
  journal = {J. Theor. Biol.},
  year = {1991},
  volume = {153},
  pages = {255--285}
}

@ARTICLE{Ka76,
  author = {J. Katz and R. Rognstad},
  journal = {Curr. Top. Cell. Reg.},
  year = {1976},
  volume = {10},
  pages = {237-289}
}

@ARTICLE{keating2012encoding,
  author = {Keating, S.M. and Nov{\`e}re, N.},
  title = {Encoding Neuronal Models in SBML},
  journal = {Computational Systems Neurobiology},
  year = {2012},
  pages = {459--488},
  publisher = {Springer}
}

@ARTICLE{KKW79,
  author = {Kelly, P. J. and Kelleher, J. K. and Wright, B. E.},
  title = {Glycogen phosphorylase from Dictyostelium: a kinetic analysis by
	computer simulation.},
  journal = {Biosystems},
  year = {1979},
  volume = {11},
  pages = {55--63 }
}

@ARTICLE{BKoholodenko:2000,
  author = {B. N. Kholodenko},
  title = {Negative feedback and ultrasensitivity can bring about oscillations
	in the mitogen-activted protein kinase cascades},
  journal = {Eur. J. Biochem},
  year = {2000},
  volume = {267},
  pages = {1583--1588}
}

@ARTICLE{Kholodenko1999,
  author = {B. N. Kholodenko and O. V. Demin and G. Moehren and J. B. Hoek},
  title = {Quantification of short term signaling by the epidermal growth factor
	receptor.},
  journal = {J Biol Chem.},
  year = {1999},
  volume = {274},
  pages = {30169--81}
}

@INPROCEEDINGS{KholdenkoBTK1998,
  author = {B. N. Kholodenko and J. Hoek and H. W. Westerhoff and G. C. Brown},
  title = {Control analysis of cellular signal transduction pathways},
  booktitle = {Proceedings of the 8th international meeting on BioThermoKinetics,
	BioThermoKinetics in the Post Genomic Era},
  year = {1998},
  editor = {C. Larsson and I.-L. Pahlman and L. Gustafsson},
  pages = {102--107},
  publisher = {Chalmers Reproservice, G$\ddot{o}$teborg}
}

@ARTICLE{BKBrown:1997,
  author = {B. N. Kholodenko and J. B. Hoek and H. V. Westerhoff and G. C. Brown},
  title = {Quantification of information transfer via cellular signal transduction
	pathways},
  journal = {FEBS Letters},
  year = {1997},
  volume = {414},
  pages = {430--434}
}

@ARTICLE{KholodenkoPNAS2002,
  author = {B. N. Kholodenko and A. Kiyatkin and F. J. Bruggeman and E. Sontag
	and H. V. Westerhoff and J. B Hoek},
  title = {Untangling the wires: a strategy to trace functional interactions
	in signaling and gene networks.},
  journal = {Proc Natl Acad Sci U S A.},
  year = {2002},
  volume = {99},
  pages = {12841--6}
}

@ARTICLE{KholodenkoSauro1994,
  author = {B. N. Kholodenko and H. M. Sauro and H. V. Westerhoff},
  title = {Control by enzymes, coenzymes and conserved moieties. A generalisation
	of the connectivity theorem of metabolic control analysis.},
  journal = {Eur J Biochem.},
  year = {1994},
  volume = {225},
  pages = {179--86}
}

@ARTICLE{Kitano2003,
  author = {H. Kitano},
  title = {A graphical notation for biochemical networks.},
  journal = {BIOSILICO},
  year = {2003},
  volume = {1},
  pages = {169--176}
}

@ARTICLE{kitano:2002,
  author = {Kitano, Hiroaki},
  title = {{Systems biology: a brief overview}},
  journal = {Science},
  year = {2002},
  volume = {295},
  pages = {1662--1664},
  number = {5560},
  month = mar,
  url = {http://www.sciencemag.org/content/295/5560/1662.short}
}

@BOOK{kitano:2001,
  title = {{Foundations of systems biology}},
  year = {2001},
  author = {Kitano, Hiroaki},
  url = {ftp://202.131.109.94/Bio- Tech Department/E-Book Collection/Kitano H (Ed) Foundations Of Systems Biology (The Mit Press,.pdf}
}

@ARTICLE{Klamt2002,
  author = {S. Klamt and S. Schuster and E. D. Gilles},
  title = {Calculability analysis in underdetermined metabolic networks illustrated
	by a model of the central metabolism in purple nonsulfur bacteria.},
  journal = {Biotechnol Bioeng.},
  year = {2002},
  volume = {77},
  pages = {734--51}
}

@ARTICLE{Klamt2003,
  author = {S. Klamt and J. Stelling and M. Ginkel M and E. D. Gilles},
  title = {FluxAnalyzer: exploring structure, pathways, and flux distributions
	in metabolic networks on interactive flux maps.},
  journal = {Bioinformatics},
  year = {2003},
  volume = {19},
  pages = {261--9}
}

@BOOK{Kn81,
  title = {Seminumerical algorithms},
  publisher = {Addison-Wesley},
  year = {1981},
  author = {D. E. Knuth},
  volume = {2},
  series = {The art of computer programming},
  address = {Reading},
  edition = {Second}
}

@ARTICLE{Kohn1999,
  author = {Kohn, Kurt W.},
  title = {Molecular Interaction Map of the Mammalian Cell Cycle Control and
	DNA Repair Systems},
  journal = {Molecular Biology of the Cell},
  year = {1999},
  volume = {10},
  pages = {2703-2734},
  number = {8},
  abstract = {Eventually to understand the integrated function of the cell cycle
	regulatory network, we must organize the known interactions in the
	form of a diagram, map, and/or database. A diagram convention was
	designed capable of unambiguous representation of networks containing
	multiprotein complexes, protein modifications, and enzymes that are
	substrates of other enzymes. To facilitate linkage to a database,
	each molecular species is symbolically represented only once in each
	diagram. Molecular species can be located on the map by means of
	indexed grid coordinates. Each interaction is referenced to an annotation
	list where pertinent information and references can be found. Parts
	of the network are grouped into functional subsystems. The map shows
	how multiprotein complexes could assemble and function at gene promoter
	sites and at sites of DNA damage. It also portrays the richness of
	connections between the p53-Mdm2 subsystem and other parts of the
	network.},
  eprint = {http://www.molbiolcell.org/content/10/8/2703.full.pdf+html},
  url = {http://www.molbiolcell.org/content/10/8/2703.abstract}
}

@BOOK{Kohn2004,
  title = {Cell cycle control: molecular interaction map.},
  publisher = {Nature Publishing Group (c) 2002 Macmillan Publishers Ltd.},
  year = {2004},
  author = {K. W. Kohn and M. I. Aladjem and S. Pasa and S. Parodi and Y. Pommier},
  pages = {457--474},
  address = {London}
}

@ARTICLE{Ko83,
  author = {M. Kohn},
  title = {Computer Simulation of Metabolism in Palmitate-Perfused Rat Heart.
	{III}. Sensitivity Analysis.},
  journal = {Ann. of Biomed. Eng.},
  year = {1983},
  volume = {11},
  pages = {533--549}
}

@ARTICLE{Ko86,
  author = {J. M. Kootsey},
  title = {Future Directions in Computer Simulation.},
  journal = {Bull. Math. Biol.},
  year = {1986},
  volume = {48},
  pages = {405--415}
}

@ARTICLE{KKFMF86,
  author = {J. M. Kootsey and M. C. Kohn and M. D. Feezor and G. R. Mitchell
	and P. R. Fletcher},
  title = {SCoP: an interactive simulation control program for micro- and minicomputers},
  journal = {Bull. Math. Biol.},
  year = {1986},
  volume = {48},
  pages = {427--441}
}

@BOOK{KozaBookIII,
  title = {Genetic Programming III: Automatic Programming and Automatic Circuit
	Synthesis},
  publisher = {Morgan Kaufmann},
  year = {1999},
  author = {J. R. Koza and F. H. Bennett III and H. F. Bennett and D. Andre}
}

@ARTICLE{KozaSciAm,
  author = {J. R. Koza and M. A. Keane and M. J. Streeter},
  title = {Evolving Inventions},
  journal = {Scientific American},
  year = {2003},
  volume = {288},
  pages = {52--59}
}

@ARTICLE{Kub76,
  author = {M. Kubicek},
  title = {Algorithm 502. Dependence of solution of nonlinear systems on a parameter.},
  journal = {ACM Trans. on Math. Software},
  year = {1976},
  volume = {2},
  pages = {98--107}
}

@BOOK{Kub83,
  title = {Computational Methods in Bifurcation Theory and Dissipative Structures.},
  publisher = {Springer-Verlag},
  year = {1983},
  author = {M. Kubicek and M. Marek},
  series = {Springer Series in Computational Physics}
}

@ARTICLE{Kyriakis2001,
  author = {J. M. Kyriakis and J. Avruch},
  title = {Mammalian Mitogen-Activated Protein Kinase Signal Transduction Pathways
	Activated by Stress and Inflamation},
  journal = {Physiological Reviews},
  year = {2002},
  volume = {81},
  pages = {807--869}
}

@BOOK{TTLCookbook,
  title = {TTL Cookbook},
  publisher = {Sams},
  year = {1980},
  author = {D.E. Lancaster and D. Lancaster}
}

@INPROCEEDINGS{vonlaszewski:2000,
  author = {Laszewski, G Von and Foster, Ian and Gawor, Jarek},
  title = {{CoG kits: a bridge between commodity distributed computing and high-performance
	grids}},
  booktitle = {\ldots of the ACM 2000 conference on \ldots},
  year = {2000},
  pages = {97--106},
  annote = {Available via the World Wide Web at $\backslash$url\{http://www-unix.mcs.anl.gov/\~{}laszewsk/cog/\}},
  url = {http://dl.acm.org/citation.cfm?id=337491}
}

@ARTICLE{LauffenburgerModules,
  author = {D. A. Lauffenburger},
  title = {Cell signaling pathways as control modules: complexity for simplicity?},
  journal = {Proc Natl Acad Sci U S A.},
  year = {2000},
  volume = {97},
  pages = {5031--3}
}

@ARTICLE{LaurentTIBS1999,
  author = {M. Laurent and N. Kellershohn},
  title = {Multistability: a major means of differentiation and evolution in
	biological systems},
  journal = {TIBS},
  year = {1999},
  volume = {24},
  pages = {418--422}
}

@ARTICLE{FixARadio,
  author = {Y. Lazebnik},
  title = {Can a biologist fix a radio????Or, what I learned while studying
	apoptosis},
  journal = {Cancer Cell},
  year = {2002},
  volume = {2},
  pages = {179--182}
}

@TECHREPORT{lee:1998,
  author = {Lee, Edward\~{}A.},
  title = {{Overview of the \{Ptolemy\} Project}},
  institution = {University of California, Berkeley},
  year = {1998},
  type = {ERL Technical Report},
  number = {UCB/ERL No. M98/71},
  annote = {Available via the World Wide Web at $\backslash$url\{http://ptolemy.eecs.berkeley.edu/publications/papers/98/Overview/\}}
}

@ARTICLE{Lee2002,
  author = {T. I. Lee and N. J. Rinaldi and F. Robert and D. T. Odom and Z. Bar-Joseph
	and G. K. Gerber and N. M. Hannett and C. T. Harbison and C. M. Thompson
	and I. Simon and J. Zeitlinger and E. G. Jennings and H. L. Murray
	and D. B. Gordon and B. Ren and J. J. Wyrick and J. B. Tagne and
	T. L. Volkert and E. Fraenkel and D. K. Gifford and R. A Young},
  title = {Transcriptional regulatory networks in Saccharomyces cerevisiae.},
  journal = {Science},
  year = {2002},
  volume = {298},
  pages = {799--804}
}

@ARTICLE{Le87,
  author = {J. Leiser and J.J. Blum},
  journal = {Cell Biophysics},
  year = {1985},
  volume = {11},
  pages = {123--138}
}

@ARTICLE{lenovere:2001,
  author = {{Le Nov\`{e}re}, Nicolas and Shimizu, Thomas\~{}S.},
  title = {{\{StochSim\}: Modelling of Stochastic Biomolecular Processes}},
  year = {2001},
  volume = {17},
  pages = {575--576}
}

@ARTICLE{LRM91,
  author = {T. Letellier and C. Reder and J.-P. Mazat},
  title = {CONTROL: software for the analysis of the control of metabolic pathways},
  journal = {Comp. Appl. Biosci.},
  year = {1991},
  volume = {7},
  pages = {383--390}
}

@ARTICLE{Levine1966,
  author = {S. M. Levine},
  title = {Enzyme Amplifier Kinetics},
  journal = {Science},
  year = {1966},
  volume = {152},
  pages = {651--653}
}

@BOOK{liang:1999,
  title = {{The Java Native Interface: Programmer's Guide and Specification}},
  publisher = {Sun Microsystems},
  year = {1999},
  author = {Liang, Sheng},
  url = {http://books.google.com/books?hl=en\&lr=\&id=8M3F\_sSSvWkC\&oi=fnd\&pg=PR13\&dq=The+\%7BJava\%7D+\%7BNative\%7D+\%7BInterface\%7D,+Programmer\%27s+guide+and+Specification\&ots=Ql23UeG48n\&sig=dLx0upObL4xnmOX1cCi3RI1xgL4}
}

@ARTICLE{Lisman1986,
  author = {J. E. Lisman},
  title = {A mechanism for memory storage insensitive to molecular turnover:
	A bistable autophosphorylating kinase},
  journal = {Proc. Natl. Acad. Sci.},
  year = {1985},
  volume = {82},
  pages = {3055--3057}
}

@ARTICLE{LloydCellML2004,
  author = {C. M. Lloyd and M. D. Halstead and P. F. Nielsen },
  title = {CellML: its future, present and past.},
  journal = {Prog Biophys Mol Biol.},
  year = {2004},
  volume = {85},
  pages = {433--50}
}

@ARTICLE{VCELL,
  author = {L. M. Loew and J. C. Schaff},
  title = {The Virtual Cell: a software environment for computational cell biology.},
  journal = {Trends Biotechnol.},
  year = {2001},
  volume = {19},
  pages = {401--6}
}

@ARTICLE{ManningTIBS,
  author = {G. Manning and G. D. Plowman and T. Hunter and S. Sudarsanam},
  title = {Evolution of protein kinase signaling from yeast to man},
  journal = {TIBS},
  year = {2002},
  volume = {27},
  pages = {514--520}
}

@ARTICLE{ManningScience2000,
  author = {G. Manning and D. B. Whyte and R. Martinez and T. Hunter and S. Sudarsanam},
  title = {The Protein Kinase Complement of the Human Genome},
  journal = {Science},
  year = {2000},
  volume = {298},
  pages = {1912--1934}
}

@ARTICLE{Ma72,
  author = {T. E. Mansour},
  journal = {Curr. Topics Cell Reg.},
  year = {1972},
  volume = {5},
  pages = {1--46}
}

@ARTICLE{KholodenkoMarkevich,
  author = {N. I Markevich and J B Hoek and B. N. Kholodenko},
  title = {Signaling switches and bistability arising from multisite phosphorylation
	in protein kinase cascades},
  journal = {J. Cell Biol.},
  year = {2004},
  volume = {164},
  pages = {353--9}
}

@ARTICLE{Marshall,
  author = {C. J. Marshall},
  title = {MAP kinase kinase kinase, MAP kinase kinase and MAP kinase},
  journal = {Curr. Opin. Genet. Dev.},
  year = {1994},
  volume = {4},
  pages = {82--9}
}

@BOOK{matlab:1998,
  title = {{Using $\backslash$textsc\{Matlab\}}},
  publisher = {The MathWorks, Inc.},
  year = {1998},
  author = {MathWorks, The},
  series = {$\backslash$textsc\{Matlab\}: The Language of Technical Computing},
  address = {Natik, MA}
}

@ARTICLE{Ma86,
  author = {Mazat, J.-P. and Jean-Bart, E. Rigoulet, M. and Gu\'{e}rin, B.},
  title = {Control of oxidative phosphorylations in yeast mitochondria. Role
	of the phosphate carrier.},
  journal = {Biochim. Biophys. Acta},
  year = {1986},
  volume = {849},
  pages = {7--15 }
}

@ARTICLE{mcadams:1997,
  author = {McAdams, HH and Arkin, A},
  title = {{Stochastic mechanisms in gene expression}},
  journal = {Proceedings of the National \ldots},
  year = {1997},
  volume = {94},
  pages = {814--819},
  url = {http://www.pnas.org/content/94/3/814.short}
}

@ARTICLE{McAdamsTrendsGenetics,
  author = {H. H. McAdams and A. Arkin},
  title = {It's a noisy business! Genetic regulation at the nanomolar scale.},
  journal = {Trends in Genetics},
  year = {1999},
  volume = {15},
  pages = {65--9}
}

@ARTICLE{McAdamsArkin1998,
  author = {H. H. McAdams and A. Arkin},
  title = {Simulation of prokaryotic genetic circuits.},
  journal = {Annu Rev Biophys Biomol Struct},
  year = {1998},
  volume = {27},
  pages = {199--224}
}

@BOOK{mclaughlin:2000,
  title = {{Java and \{XML\}}},
  year = {2000},
  author = {McLaughlin, Brett}
}

@ARTICLE{MR87,
  author = {W. Meiske and J. G. Reich},
  title = {Mathematical Description of the Control of Steady-States in Metabolic
	Systems,},
  journal = {Syst. Anal. Model. Simul.},
  year = {1987},
  volume = {4},
  pages = {423--435}
}

@ARTICLE{MTSK90,
  author = {E. Melendez-Hevia and N. V. Torres and J. Sicilia and H. Kacser},
  title = {Control analysis of transition times in metabolic systems.},
  journal = {Biochem. J.},
  year = {1990},
  volume = {265},
  pages = {195--202}
}

@MISC{mendes:2001,
  author = {Mendes, P},
  title = {{Gepasi 3.21}},
  howpublished = {Available via the World Wide Web at $\backslash$url\{http://www.gepasi.org\}},
  year = {2001}
}

@ARTICLE{mendes:1997,
  author = {Mendes, P},
  title = {{Biochemistry by Numbers: Simulation of Biochemical Pathways with
	\{G\}epasi\~{}3}},
  year = {1997},
  volume = {22},
  pages = {361--363}
}

@ARTICLE{Gepasi:1993,
  author = {P. Mendes},
  title = {GEPASI: A software package for modelling the dynamics, steady states
	and control of biochemical and other systems.},
  journal = {Comput. Applic. Biosci.},
  year = {1993},
  volume = {9},
  pages = {563--571}
}

@BOOK{MBGF90,
  title = {Methodology for simulation of metabolic pathways and calculation
	of control coefficients},
  publisher = {Plenum Press, New York},
  year = {1990},
  editor = {A. Cornish-Bowden and M. L. Cardenas},
  author = {P. Mendes and J. M. Barreto and A. V. Gomes and A. P. Freire},
  pages = {221--224},
  series = {NATO ASI Series},
  booktitle = {Control of Metabolic Processes},
  chapter = {16}
}

@MISC{microstar:1998,
  author = {{Microstar Software Ltd.}},
  title = {{\{\AE\}lfred version 1.1}},
  howpublished = {Available via the World Wide Web at $\backslash$url\{http://www.microstar.com/XML/\}},
  year = {1998}
}

@ARTICLE{Milo2002,
  author = {R. Milo and S. Shen-Orr and S. Itzkovitz and N. Kashtan and D. Chklovskii
	and U. Alon},
  title = {Network motifs: simple building blocks of complex networks.},
  journal = {Science},
  year = {2002},
  volume = {298},
  pages = {824--7}
}

@ARTICLE{Mindell,
  author = {D. Mindell},
  title = {Opening Black's Box},
  journal = {Technology and Culture},
  year = {2000},
  volume = {14},
  pages = {405--434}
}

@ARTICLE{Moehren2002,
  author = {G. Moehren and N. Markevich and O. Demin and A. Kiyatkin and I. Goryanin
	and J. B. Hoek and B. N. Kholodenko},
  title = {Temperature dependence of the epidermal growth factor receptor signaling
	network can be accounted for by a kinetic model.},
  journal = {Biochemistry},
  year = {2002},
  volume = {41},
  pages = {306--20}
}

@ARTICLE{Morales1967,
  author = {M. Morales and D. McKay},
  title = {Biochemical Oscillations in controlled systems},
  journal = {Biophys. J.},
  year = {1967},
  volume = {7},
  pages = {621--625}
}

@INCOLLECTION{morohashi:2001,
  author = {Morohashi, Mineo and Hucka, Michael and Sauro, Herbert\~{}M. and
	Finney, Andrew and Bolouri, Hamid and Doyle, John\~{}C. and Kitano,
	Hiroaki},
  title = {{Systems \{B\}iology \{W\}orkbench}},
  booktitle = {Development of Systems Biology},
  publisher = {Sprinter-Verlag Tokyo},
  editor = {Kitano, Hiroaki},
  chapter = {1},
  pages = {25--36}
}

@ARTICLE{morton-firth:1998,
  author = {Morton-Firth, C.\~{}J. and Bray, D},
  title = {{Predicting temporal fluctuations in an intracellular signalling
	pathway}},
  journal = {Journal of Theoretical Biology},
  year = {1998},
  volume = {192},
  pages = {117--128},
  url = {http://www.sciencedirect.com/science/article/pii/S0022519397906512}
}

@ARTICLE{MB87,
  author = {Murphy, M. P. and Brand, M. D.},
  title = {The control of electron flux through cytochrome oxidase.},
  journal = {Biochem. J.},
  year = {1987},
  volume = {243},
  pages = { 499--505 }
}

@ARTICLE{naur:1960,
  author = {Naur, P and Backus, JW and Bauer, FL},
  title = {{Revised report on the algorithmic language Algol 60}},
  journal = {Communications of the \ldots},
  year = {1963},
  volume = {3},
  pages = {299--314},
  number = {5},
  url = {http://www.ccs.neu.edu/home/matthias/369-s10/Transcript/prehistory.pdf}
}

@ARTICLE{NCC84,
  author = {Newsholme, E. A. and Challiss, R. A. J. and Crabtree, B.},
  title = {Substrate cycles: their role in improving sensitivity in metabolic
	control.},
  journal = {Trends Biochem. Sci.},
  year = {1984},
  volume = {9},
  pages = {277--280 }
}

@ARTICLE{NC81,
  author = {E. A. Newsholme and B. Crabtree},
  title = {Flux generating and regulatory steps in metabolic control.},
  journal = {Trends Biochem. Sci.},
  year = {1981},
  volume = {6},
  pages = {53--56}
}

@ARTICLE{NC76,
  author = {Newsholme, E. A. and Crabtree, B.},
  title = {Substrate cycles in metabolic regulation and heat generation.},
  journal = {Biochem. Soc. Symp.},
  year = {1976},
  volume = {41},
  pages = {61-109 }
}

@ARTICLE{Ne67,
  author = {E. A. Newsholme and W. Gevers},
  journal = {Vitamins and Hormones},
  year = {1967},
  volume = {25},
  pages = {1-87}
}

@BOOK{NS73,
  title = {Regulation in metabolism.},
  publisher = { Wiley and Sons},
  year = {1973},
  author = {E. A. Newsholme and C. Start},
  address = {London}
}

@ARTICLE{Ne66,
  author = {E. A. Newsholme and A. H. Underwood},
  journal = {Biochem. J.},
  year = {1966},
  volume = {99},
  pages = {24C-26C}
}

@ARTICLE{novere2005,
  author = {Novere, N.L. and Finney, A. and Hucka, M. and Bhalla, U.S. and Campagne,
	F. and Collado-Vides, J. and Crampin, E.J. and Halstead, M. and Klipp,
	E. and Mendes, P. and others},
  title = {Minimum information requested in the annotation of biochemical models
	(MIRIAM)},
  journal = {Nature biotechnology},
  year = {2005},
  volume = {23},
  pages = {1509--1515},
  number = {12},
  publisher = {Nature Publishing Group}
}

@ARTICLE{oreilly:1999,
  author = {O'Reilly, T},
  title = {{Lessons from Open-Source Software Development}},
  year = {1999},
  volume = {42},
  pages = {32--37},
  number = {4}
}

@BOOK{oestereich:1999,
  title = {{Developing Software with \{UML\}: Object-Oriented Analysis and Design
	in Practice}},
  year = {1999},
  author = {Oestereich, B}
}

@ARTICLE{Ok83,
  author = {M. Okamoto and K. Hayashi},
  title = {Dynmaic behaviour of cyclic enzyme systems.},
  journal = {J. Theor. Biol.},
  year = {1983},
  volume = {104},
  pages = {591--598}
}

@ARTICLE{Ok80,
  author = {M. Okamoto and A. Katsurayama and M. Tsukiji and Y. Aso and K. Hayashi},
  title = {Dynamic behavior of enzymatic system realizing two-factor model.},
  journal = {J. Theor. Biol.},
  year = {1980},
  volume = {83},
  pages = {1--16}
}

@ARTICLE{Ok89,
  author = {M. Okamoto And T. Sakai And K. Hayashi},
  title = {Biochemical Switching Device - How to turn on (off) the Switch},
  journal = {Biosystems},
  year = {1989},
  volume = {22},
  pages = {155--162}
}

@ARTICLE{Ok88,
  author = {M. Okamoto and T. Sakai and K. Hayashi},
  title = {Biochemical Switching Device - Monocyclic Enzyme-System},
  journal = {Biotechnology And Bioengineering},
  year = {1988},
  volume = {32},
  pages = {527--537}
}

@ARTICLE{Ok87,
  author = {M. Okamoto and T. Sakai and K. Hayashi},
  title = {Switching mechanisms of a cyclic enzyme system: role as a ``chemical
	diode''},
  journal = {Biosystems},
  year = {1987},
  volume = {21},
  pages = {1--11}
}

@ARTICLE{Pysces2004,
  author = {Olivier, B.G. and Rohwer, J.M. and Hofmeyr, J.H.S.},
  title = {Modelling cellular systems with PySCeS},
  journal = {Bioinformatics},
  year = {2004},
  publisher = {Oxford Univ Press}
}

@MISC{Olson2002,
  author = {M. Olson and U. Ogbuji},
  title = {The {Python} Web services developer: Messaging technologies compared.},
  howpublished = {http://www-106.ibm.com/developerworks/webservices/library/ws-pyth9/},
  year = {2002}
}

@ARTICLE{OltvaiScience2002,
  author = {Z. N. Oltvai and A. L. Barabasi},
  title = {Life's complexity pyramid},
  journal = {Science},
  year = {2002},
  volume = {298},
  pages = {763--4}
}

@MISC{CORBARef,
  author = {OMG},
  title = {{CORBA} Specication},
  howpublished = {http://www.omg.org},
  year = {2001}
}

@MISC{OMG:2001,
  author = {OMG},
  title = {{$\backslash$emph\{CORBA\}}},
  howpublished = {Specification documents available via the World Wide Web at $\backslash$url\{http://www.omg.org\}},
  year = {2001}
}

@MISC{openorb:2002,
  author = {OpenORB},
  title = {{\{The Community OpenORB\} Version 1.3.0}},
  howpublished = {Available via the World Wide Web at $\backslash$url\{http://openorb.sourceforge.net/\}},
  year = {2002}
}

@BOOK{osf:1993,
  title = {{OSF DCE Application Development Guide}},
  year = {1993},
  author = {{Open Software Foundation}}
}

@MISC{openxml:2001,
  author = {OpenXML.org},
  title = {{\{OpenXML\} Version 1.2}},
  howpublished = {Available via the World Wide Web at $\backslash$url\{http://www.openxml.org\}},
  year = {2001}
}

@BOOK{Peer2Peer,
  title = {Peer-to-Peer : Harnessing the Power of Disruptive Technologies},
  publisher = {O'Reilly \& Associates},
  year = {2001},
  author = {A. Oram}
}

@ARTICLE{Othmer1976,
  author = {H. H. Othmer},
  title = {The quantitative dynamics of a class of biochemical control circuits},
  journal = {J. Math. Biol/},
  year = {1976},
  volume = {37},
  pages = {53--78}
}

@ARTICLE{Ot76,
  author = {Ottaway, J. H.},
  title = {Control points in the citric acid cycle.},
  journal = {Biochem. Soc. Trans.},
  year = {1976},
  volume = {4},
  pages = {371--376}
}

@INCOLLECTION{OM80,
  author = {J. H. Ottaway and C. L. McMinn},
  title = {Control Points in the Citric acid Cycle.},
  booktitle = {Enzyme Regulation and Mechanism of Action.},
  publisher = {Pergamon Press, Oxford and New York.},
  year = {1980},
  editor = {P. Mildner and B. Ries},
  volume = {60},
  series = {FEBS Series},
  pages = {69--82}
}

@MISC{bipm:1998,
  author = {Page, CH and Vigoureux, P},
  title = {{The international system of units (SI)}},
  howpublished = {Available via the World Wide Web at $\backslash$url\{http://www.bipm.fr/pdf/si-brochure.pdf\}.},
  year = {1974},
  url = {http://books.google.com/books?hl=en\&lr=\&id=x2tgu9uYDR4C\&oi=fnd\&pg=PA1\&dq=The+\%7BInternational\%7D+\%7BSystem\%7D+of+\%7BUnits\%7D+(\%7BSI\%7D)\&ots=Jh9WYw6tgT\&sig=4gImYFu6H3gUIyg4Qzd-4WyaEcI}
}

@ARTICLE{Papin2003TIBS,
  author = {J. A. Papin and N. D. Price and S. J. Wiback and D. A. Fell and B.
	O. Palsson},
  title = {Metabolic pathways in the post-genome era.},
  journal = {Trends Biochem Sci},
  year = {2003},
  volume = {28},
  pages = {250--8}
}

@ARTICLE{Pa74a,
  author = {D. J. M. Park},
  title = {The Hierarchical Structure of Metabolic Networks and the Construction
	of Efficient Metabolic Simulators.},
  journal = {J. Theor. Biol.},
  year = {1974},
  volume = {46},
  pages = {31-74}
}

@ARTICLE{Pa74b,
  author = {D. J. M. Park},
  title = {An Algorithm for Detecting Non-steady State Moieties in Steady State
	Subnetworks.},
  journal = {J. Theor. Biol.},
  year = {1974},
  volume = {48},
  pages = {125--131}
}

@ARTICLE{PW73,
  author = {D. J. M. Park and B. E Wright},
  title = {METASIM, A General Purpose Metabolic Simulator for Studying Cellular
	Transformations.},
  journal = {Comput. Progm. Biomed.},
  year = {1973},
  volume = {3},
  pages = {10--26}
}

@ARTICLE{Petz83,
  author = {L. R. Petzold},
  title = {Automatic selection of methods for solving stiff and nonstiff systems
	of ordinary differential equations.},
  journal = {SIAM J. Sci. Stat. Comput.},
  year = {1983},
  volume = {4},
  pages = {136--148}
}

@ARTICLE{Metatool:1999,
  author = {T. Pfeiffer and I. Sanchez-Valdenebro and J. C. Nuno and F. Montero
	and S. Schuster},
  title = {METATOOL: For Studying Metabolic Networks},
  journal = {Bioinformatics},
  year = {1999},
  volume = {15},
  pages = {251--257}
}

@MISC{PhysiomeSciences2001,
  author = {{Physiome Sciences}, Inc.},
  title = {{\{CellML\}$\backslash$textsuperscript\{$\backslash$tiny\{$\backslash$texttrademark\}\}
	Home Page}},
  howpublished = {Available via the World Wide Web at $\backslash$url\{http://cellml.org/\}},
  year = {2001}
}

@ARTICLE{Pomerening2003,
  author = {J. R. Pomerening and E. D. Sontag and J. E. Ferrell},
  title = {Building a cell cycle oscillator: hysteresis and bistability in the
	activation of Cdc2.},
  journal = {Nat Cell Biol.},
  year = {2003},
  volume = {5},
  pages = {346--51}
}

@ARTICLE{Poolman2003,
  author = {M. G. Poolman and D. A. Fell and C. A. Raines},
  title = {Elementary modes analysis of photosynthate metabolism in the chloroplast
	stroma.},
  journal = {Eur. J. Biochem},
  year = {2003},
  volume = {270},
  pages = {430--439}
}

@MISC{popel:1998,
  author = {Popel, A and Winslow, R.\~{}L.},
  title = {{A Letter From the Directors...}},
  howpublished = {Center for Computational Medicine \& Biology, Johns Hopkins School
	of Medicine, Johns Hopkins University. Available via the World Wide
	Web at $\backslash$url\{http://www.bme.jhu.edu/ccmb/ccmbletter.html\}},
  year = {1998}
}

@ARTICLE{YeastGraded,
  author = {M. A. Poritz and S. Malmstrom and M.K-H. Kim and P. J. Rossmeissl
	and A. Kamb},
  title = {Graded Mode of Transcriptional Induction in Yeast Pheromone Signaling
	Revealed by Single-Cell Analysis},
  journal = {Yeast},
  year = {2001},
  volume = {18},
  pages = {1331-1338}
}

@INCOLLECTION{Po85,
  author = {J. W. Porteous},
  title = {Enzyme catalysed fluxes in metabolic systems.},
  booktitle = {Circulation, Respiration and Metabolism},
  publisher = {Springer-Verlag, Berlin},
  year = {1985},
  editor = {R. Gilles}
}

@INCOLLECTION{Po70,
  author = {M. J. D. Powell},
  title = {A Hybrid Method for Non-linear Algebraic Equations.},
  booktitle = {Numerical Methods for Non-linear Algebraic Equations.},
  publisher = {Gordon and Breach, London},
  year = {1970},
  editor = {P. Rabinowitz}
}

@BOOK{Pr88,
  title = {Numerical Recipies in C. The Art of Scientific Computing.},
  publisher = {Cambridge University Press, Cambridge},
  year = {1988},
  author = {W. H. Press and B. P. Flannery and S. A. Teukolsky and W. T. Vetterling}
}

@ARTICLE{Price03,
  author = {N. D. Price and J. A. Papin and C. H. Schilling and B. O. Palsson},
  title = {Genome-scale microbial in silico models: the constraints-based approach},
  journal = {Trends in Biotechnology},
  year = {2003},
  volume = {21},
  pages = {162--169}
}

@ARTICLE{Pring67a,
  author = {M. Pring},
  title = {The simulation and analysis by digital computer of biochemical systems.
	I. The choice of integration method.},
  journal = {J. Theor. Biol.},
  year = {1967},
  volume = {17},
  pages = {421--429}
}

@ARTICLE{Pring67b,
  author = {M. Pring},
  title = {The simulation and analysis by digital computer of biochemical systems.
	II. Curve fitting procedure.},
  journal = {J. Theor. Biol.},
  year = {1967},
  volume = {17},
  pages = {430--435}
}

@ARTICLE{Pring67c,
  author = {M. Pring},
  title = {The simulation and analysis by digital computer of biochemical systems.
	III. Generator programming.},
  journal = {J. Theor. Biol.},
  year = {1967},
  volume = {17},
  pages = {436--440}
}

@ARTICLE{Pritchard2002,
  author = {L. Pritchard and D. K Kell},
  title = {Schemes of Flux Control in a Model of Saccharomyces cerevisiae Glycolysis},
  journal = {Eur. J. Biochem},
  year = {2002},
  volume = {269},
  pages = {3894--3904}
}

@ARTICLE{Pr85,
  author = {F. Przybylski and A. Otto and K. Nissler and W. Schellenberger and
	E. Hofmann},
  journal = {Biochim. Biophys. Acta},
  year = {1985},
  volume = {831},
  pages = {350--352}
}

@ARTICLE{RaoNature2002,
  author = {R. Rao, D. M Wolf and A. P. Arkin},
  title = {Control, exploitation and tolerance of intracellular noise},
  journal = {Nature},
  year = {2002},
  volume = {420},
  pages = {231--237}
}

@ARTICLE{Ra85,
  author = {M. Rabkin and J. J. Blum},
  journal = {Biochem. J.},
  year = {1985},
  volume = {255},
  pages = {761--786}
}

@INPROCEEDINGS{RaoSauroArkin,
  author = {Rao, C.V. and Sauro, H.M. and Arkin, A.P.},
  title = {Putting the??? control??? in metabolic control analysis,???},
  booktitle = {7th International Symposium on Dynamics and Control of Process Systems,
	DYCOPS},
  year = {2004},
  volume = {7}
}

@ARTICLE{RaoArkin2001,
  author = {C. V. Rao and A. Arkin},
  title = {Control Motifs for Intracellular Regulatory Networks},
  journal = {Annu. Rev. Biomed. Eng},
  year = {2001},
  volume = {3},
  pages = {391--419}
}

@ARTICLE{RH75,
  author = {Rapoport, T. A. and Heinrich, R.},
  title = {Mathematical analysis of multienzyme systems. 1. Modelling of the
	glycolysis of human erythrocytes.},
  journal = {Biosystems},
  year = {1975},
  volume = {7},
  pages = {120--129 }
}

@ARTICLE{RHJR74,
  author = {Rapoport, T. A. and Heinrich, R. and Jacobasch, G. and Rapoport,
	S.},
  title = {A linear steady state treatment of enzymatic chains.},
  journal = {Eur. J. Biochem.},
  year = {1974},
  volume = {42},
  pages = {107--120 }
}

@ARTICLE{RHR76,
  author = {Rapoport, T. A. and Heinrich, R. and Rapoport, S. M.},
  title = {The regulatory principles of glycolysis in erythrocytes {\em in vivo}
	and {\em in vitro}.},
  journal = {Biochem. J.},
  year = {1976},
  volume = {154},
  pages = {449--469}
}

@ARTICLE{Ravasz2002,
  author = {E. Ravasz and A. L. Somera and D. A. Mongru and Z. N. Oltvai and
	A.-L. Barabasi},
  title = {Hierarchical Organization of Modularity in Metabolic Networks},
  journal = {Science},
  year = {2002},
  volume = {297},
  pages = {1551--1555}
}

@BOOK{raymond:1999,
  title = {{The Cathedral \& the Bazaar}},
  year = {1999},
  author = {Raymond, E.\~{}S.},
  address = {Sebastopol, California},
  annote = {This is the book form; the paper by the same name by itself is available
	via the World Wide Web at $\backslash$url\{http://www.tuxedo.org/\~{}esr/writings/cathedral-bazaar/\}}
}

@ARTICLE{raymond03,
  author = {Raymond, GM and Butterworth, E. and Bassingthwaighte, JB},
  title = {JSIM: Free software package for teaching physiological modeling and
	research},
  journal = {Experimental Biology},
  year = {2003},
  volume = {280},
  pages = {102--107}
}

@ARTICLE{Re88a,
  author = {C. Reder},
  title = {Metabolic Control Theory: A Structural Approach.},
  journal = {J. Theor. Biol.},
  year = {1988},
  volume = {135},
  pages = {175--201}
}

@TECHREPORT{Re86,
  author = {Reder, C.},
  title = {Mimodr\^{a}me math\'{e}matique sur les syst\`{e}mes biochimiques.},
  institution = {U.E.R. de Math\'{e}matiques et d'Informatique, Universit\'{e} de
	Bordeaux I.},
  year = {1986},
  number = {8608}
}

@ARTICLE{RederM88,
  author = {C. Reder and J.-P. Mazat},
  title = {Aspects geometriques de la th\'{e}orie du contr\^{o}le du m\'{e}tabolisme
	in: Le contr\^{o}le du m\'{e}tabolisme},
  journal = {eds Universite de Bordeaux II. Bordeaux.},
  year = {1988}
}

@ARTICLE{RP84,
  author = {D. M. Regen and S. J. Pilkis},
  title = {Sensitivity of pathway rates to activities of substrate cycle enzymes:
	application to gluconeogenesis and glycolysis.},
  journal = {J. Theor. Biol.},
  year = {1984},
  volume = {111},
  pages = {635--658}
}

@BOOK{Re81,
  title = {Energy metabolism of the cell},
  publisher = {Academic Press},
  year = {1981},
  author = {J. G. Reich and E. E. Selkov},
  address = {London}
}

@ARTICLE{RBG75,
  author = {Richter, O. and Betz, A. and Giersch, C.},
  title = {The response of oscillating glycolysis to perturbations in the {NAD/NADH}
	system: a comparison between experiments and a computer model.},
  journal = {Biosystems},
  year = {1975},
  volume = {7},
  pages = {137--146}
}

@BOOK{geist:1994,
  title = {{PVM: Parallel Virtual Machine}},
  year = {2002},
  author = {Ridge, Oak Ridge National Laboratory. Oak and TN},
  isbn = {0-262-57108-0},
  url = {http://cdsweb.cern.ch/record/529005/}
}

@ARTICLE{Rohwer1996,
  author = {J. M. Rohwer and S. Schuster and H. V. Westerhoff},
  title = {How to Recognize Monofunctional Units in a Metabolic System},
  journal = {J. Theor. Biol},
  year = {1996},
  volume = {179},
  pages = {213--228}
}

@ARTICLE{RayanShapiro2003,
  author = {K. R. Ryan and L. Shapiro},
  title = {Temporal And Spatial Regulation In Prokaryotic Cell Cycle Progression
	And Development},
  journal = {Annual Review of Biochemistry},
  year = {2003},
  volume = {72},
  pages = {367--394}
}

@BOOK{SparseMatrix,
  title = {Iterative Methods for Sparse Linear Systems, Second Edition},
  publisher = {Society for Industrial \& Applied Mathematics},
  year = {2003},
  author = {Y. Saad}
}

@ARTICLE{SKP86,
  author = {M. Salter and R. G. Knowles and C. I. Pogson},
  title = {Quantification of the importance of individual steps in the control
	of aromatic amino acid metabolism.},
  journal = {Biochem. J.},
  year = {1986},
  volume = {234},
  pages = {635--647}
}

@INPROCEEDINGS{Samatova,
  author = {N. F. Samatova and A. Geist and G. Ostrouchov and A. Melechko},
  title = {Parallel Out-of-core Algorithm for Genome-Scale Enumeration of Metabolic
	Systemic Pathways},
  booktitle = {Second IEEE International Workshop on High Performance Computational
	Biology},
  year = {2003},
  editor = {S. Alurur and D. A. Bader},
  publisher = {HiCOMB 2003}
}

@INPROCEEDINGS{sato:1997,
  author = {Sato, M and Nakada, H and Sekiguchi, S},
  title = {{Ninf: A network based information library for global world-wide
	computing infrastructure}},
  booktitle = {\ldots Performance Computing \ldots},
  year = {1997},
  pages = {491--502},
  url = {http://www.springerlink.com/index/w555m5723875lwlv.pdf}
}

@ARTICLE{SauroScamp93,
  author = {Sauro, H.M.},
  title = {SCAMP: a general-purpose simulator and metabolic control analysis
	program},
  journal = {Computer applications in the biosciences: CABIOS},
  year = {1993},
  volume = {9},
  pages = {441--450},
  number = {4},
  publisher = {Oxford Univ Press}
}

@ARTICLE{sauro:1991,
  author = {Sauro, H.\~{}M. and Fell, D.\~{}A.},
  title = {{SCAMP: A metabolic simulator and control analysis program}},
  journal = {Mathematical and computer modelling},
  year = {1991},
  volume = {15},
  pages = {15--28},
  url = {http://www.sciencedirect.com/science/article/pii/0895717791900389}
}

@MISC{hucka:2001g,
  author = {Sauro, H.\~{}M. and Hucka, M and Finney, A and Bolouri, H and Sauro,
	H.\~{}M. and Bolouri, H},
  title = {{\{Systems Biology Markup Language\} (\{SBML\}) \{L\}evel 1: Structures
	and Facilities for Basic Model Definitions}},
  howpublished = {Available via the World Wide Web at $\backslash$url\{http://www.sbml.org/\}},
  year = {2001}
}

@MISC{sauro:2001b,
  author = {Sauro, Herbert\~{}S.},
  title = {{\{JDesigner\}: A simple biochemical network designer}},
  howpublished = {Available via the World Wide Web at $\backslash$url\{http://members.tripod.co.uk/sauro/biotech.htm\}},
  year = {2001}
}

@ARTICLE{Ingalls2004,
  author = {Sauro, H.M. and Ingalls, B. and others},
  title = {Conservation analysis in biochemical networks: computational issues
	for software writers.},
  journal = {Biophysical chemistry},
  year = {2004},
  volume = {109},
  pages = {1},
  number = {1}
}

@ARTICLE{SauroReview:2004,
  author = {Sauro, H.M. and Kholodenko, B.N},
  title = {Quantitative analysis of signaling networks},
  journal = {Progress in biophysics and molecular biology},
  year = {2004},
  volume = {86},
  pages = {5--43},
  number = {1},
  publisher = {Elsevier Science}
}

@INCOLLECTION{Sauro90a,
  author = {H. M. Sauro},
  title = {Quantification of metabolic regulation by effectors.},
  booktitle = {Control of Metabolic Processes},
  publisher = {Plenum Press, New York},
  year = {1990},
  editor = {A. Cornish-Bowden and M. L. C\'{a}rdenas},
  series = {NATO ASI Series},
  chapter = {17},
  pages = {225--230}
}

@INCOLLECTION{sauro:2000,
  author = {H. M. Sauro},
  title = {Jarnac: A System for Interactive Metabolic Analysis},
  booktitle = {Animating the Cellular Map: Proceedings of the 9th International
	Meeting on {BioThermoKinetics}},
  publisher = {Stellenbosch University Press},
  year = {2000},
  editor = {J-H.~S. Hofmeyr and J.~M. Rohwer and J.~L. Snoep},
  isbn = {ISBN 0-7972-0776-7}
}

@INPROCEEDINGS{SauroBTK93,
  author = {H. M. Sauro},
  title = {A Biochemical NAND Gate and Assorted Circuits},
  booktitle = {Modern Trends in Biothermokinetics},
  year = {1993},
  editor = {S. Schuster and M. Rigoulet and R Ouhabi and J-P Mazat},
  pages = {133--140},
  publisher = {Plenum Press, New York and London}
}

@INCOLLECTION{SauroMAPK:2001,
  author = {H. M. Sauro},
  title = {A rationale for the `design' of the {MAP} kinase pathway},
  booktitle = {Second International Conference on Systems Biology},
  publisher = {Caltech, Pasadena},
  year = {2001},
  editor = {T-M. Yi and M. Hucka},
  pages = {13; http://www.sys-bio.org}
}

@ARTICLE{Sauro1994,
  author = {H. M. Sauro},
  title = {Moiety-conserved cycles and metabolic control analysis: problems
	in sequestration and metabolic channelling},
  journal = {BioSystems},
  year = {1994},
  volume = {33},
  pages = {15--28}
}

@PHDTHESIS{Sa86,
  author = {H. M. Sauro},
  title = {Control Analysis and Simulation of Metabolism},
  school = {Oxford Polytechnic},
  year = {1986}
}

@ARTICLE{SauroBarrett,
  author = {H. M. Sauro and J. Barrett},
  title = {in vitro Control Analysis of Metabolic Pathways; experimental and
	analytical developments.},
  journal = {Molecular and Cellular Biochemistry},
  year = {1995},
  volume = {145},
  pages = {141--150}
}

@ARTICLE{SauroF91,
  author = {H. M. Sauro and D. A. Fell},
  title = {SCAMP: A metabolic simulator and control analysis program.},
  journal = {Mathl. Comput. Modelling},
  year = {1991},
  volume = {15},
  pages = {15--28}
}

@ARTICLE{SaF87,
  author = {H. M. Sauro and D. A. Fell},
  title = {The role of cooperativity in metabolism.},
  journal = {Biochem. Soc. Trans.},
  year = {1987},
  volume = {15},
  pages = {234-235}
}

@ARTICLE{Sauro:Omics,
  author = {H. M. Sauro and M. Hucka and A. Finney and C. Wellock and H. Bolouri
	and J. Doyle and and H. Kitano},
  title = {Next Generation Simulation Tools: The Systems Biology Workbench and
	BioSPICE Integration},
  journal = {OMICS},
  year = {2003},
  volume = {7(4)},
  pages = {355--372}
}

@ARTICLE{Sauro:ICycles2004,
  author = {H. M. Sauro and B. Ingalls},
  title = {Conservation analysis in biochemical networks: computational issues
	for software writers.},
  journal = {Biophys Chem.},
  year = {2004},
  volume = {109},
  pages = {1--15}
}

@ARTICLE{SK90,
  author = {H. M. Sauro and H. Kacser},
  title = {Enzyme-enzyme interaction and control analysis. 2. The case of non-independence:
	heterologous associations.},
  journal = {Eur. J. Biochem.},
  year = {1990},
  volume = {187},
  pages = {493--500}
}

@ARTICLE{SSF87,
  author = {H. M. Sauro and J. R. Small and D. A. Fell},
  title = {Metabolic Control and its Analysis: Extensions to the theory and
	matrix method.},
  journal = {Eur. J. Biochem.},
  year = {1987},
  volume = {165},
  pages = {215--221}
}

@ARTICLE{savageau:1998,
  author = {Savageau, Michael\~{}A.},
  title = {{Demand theory of gene regulation. \{II\}. Quantitative application
	to the lactose and maltose operons of \{E\}scherichia coli}},
  year = {1998},
  volume = {149},
  pages = {1677--1691},
  number = {4},
  month = aug
}

@ARTICLE{Sa87,
  author = {M. A. Savageau},
  title = {Control of metabolism: where is the theory?},
  journal = {Trends Biochem. Sci.},
  year = {1987},
  volume = {12},
  pages = {219--220 }
}

@ARTICLE{Sa83,
  author = {M. A. Savageau},
  title = {Mathematics of organisationally complex systems.},
  journal = {Biomed. Biochim. Acta},
  year = {1983},
  volume = {44},
  pages = {839--844 }
}

@ARTICLE{Sa79,
  author = {M. A. Savageau},
  title = {Growth of complex systems can be related to the properties of their
	underlying determinants.},
  journal = {Proc. Natl. Acad. Sci. USA},
  year = {1979},
  volume = {11},
  pages = {5413--5417}
}

@BOOK{Sa76,
  title = {Biochemical systems analysis: a study of function and design in molecular
	biology},
  publisher = {Addison-Wesley, Reading, Mass.},
  year = {1976},
  author = {M. A. Savageau}
}

@ARTICLE{Sa74,
  author = {M. A. Savageau},
  title = {Optimal design of feedback control by inhibition: Steady-state considerations},
  journal = {J. Mol. Evol.},
  year = {1974},
  volume = {4},
  pages = {139--156}
}

@ARTICLE{SaCurrTop72,
  author = {M. A. Savageau},
  title = {The behaviour of intact biochemical control systems},
  journal = {Curr. Topics Cell. Reg.},
  year = {1972},
  volume = {6},
  pages = {63--130}
}

@ARTICLE{Sa71a,
  author = {M. A. Savageau},
  title = {Concepts relating the behaviour of biochemical systems to their underlying
	molecular properties.},
  journal = {Arch. Biochem. Biophys.},
  year = {1971},
  volume = {145},
  pages = {612--621}
}

@ARTICLE{Sa71b,
  author = {M. A. Savageau},
  title = {Parameter sensitivity as a criterion for evaluating and comparing
	the performance of biochemical systems.},
  journal = {Nature},
  year = {1971},
  volume = {229},
  pages = {542--544}
}

@ARTICLE{Sa69a,
  author = {M. A. Savageau},
  title = {Biochemical systems analysis: I. Some mathematical properties of
	the rate law for the component enzyme reactions.},
  journal = {J. Theor. Biol.},
  year = {1969},
  volume = {25},
  pages = {365-369}
}

@ARTICLE{Sa69b,
  author = {M. A. Savageau},
  title = {Biochemical systems analysis: {II}. The steady state solutions for
	an n-pool system using a power-law approximation.},
  journal = {J. Theor. Biol.},
  year = {1969},
  volume = {25},
  pages = {370--379}
}

@ARTICLE{Sa69c,
  author = {M. A. Savageau},
  title = {Biochemical systems analysis: {III}. Dynamic solutions using a power-law
	approximation.},
  journal = {J. Theor. Biol.},
  year = {1969},
  volume = {26},
  pages = {215--226 }
}

@ARTICLE{SV82,
  author = {Savageau, M. A. and Voit, E. O.},
  title = {Power-law approach to modelling biological systems. I. Theory.},
  journal = {J. Ferment. Technol.},
  year = {1982},
  volume = {60},
  pages = {221--228 }
}

@ARTICLE{SVI87a,
  author = {Savageau, M. A. and Voit, E. O. and Irvine, D. H.},
  title = {Biochemical Systems Theory and Metabolic Control Theory: 1. Fundamental
	similarities and differences.},
  journal = {Math. Biosci.},
  year = {1987},
  volume = {86},
  pages = {127--145 }
}

@ARTICLE{SVI87b,
  author = {Savageau, M. A. and Voit, E. O. and Irvine, D. H.},
  title = {Biochemical Systems Theory and Metabolic Control Theory: 2. The role
	of summation and connectivity relationships.},
  journal = {Math. Biosci.},
  year = {1987},
  volume = {86},
  pages = {147--169}
}

@BOOK{savageau:1976,
  title = {{Biochemical systems analysis: a study of function and design in
	molecular biology}},
  year = {1976},
  editor = {Kitano, H},
  author = {Savageau, MA and Rosen, R},
  address = {Reading, Mass.},
  booktitle = {Foundations of Systems Biology},
  chapter = {6},
  url = {http://www-06.all-portland.net/bst/006/1405/0061405.pdf}
}

@INCOLLECTION{schaff:2000,
  author = {Schaff, JC and Slepchenko, BM and Loew, L.\~{}M.},
  title = {{Physiological modeling with virtual cell framework}},
  booktitle = {Methods in Enzymology},
  year = {2000},
  editor = {Johnson, M and Brand, L},
  volume = {321},
  pages = {1--23},
  address = {San Diego},
  url = {http://www.sciencedirect.com/science/article/pii/S0076687900211841}
}

@MISC{schaff:2001,
  author = {Schaff, J and Slepchenko, B and Morgan, F and Wagner, J and Resasco,
	D and Shin, D and Choi, Y.\~{}S. and Loew, L and Carson, J and Cowan,
	A and Moraru, I and Watras, J and Teraski, M and Fink, C},
  title = {{Virtual Cell}},
  howpublished = {Available via the World Wide Web at $\backslash$url\{http://www.nrcam.uchc.edu\}},
  year = {2001}
}

@ARTICLE{Sch81,
  author = {E. van Schaftingen and M.-F. Jett and L. Hu\'{e} and H.-G. Hers},
  journal = {Proc. Natl. Acad. Sci. USA},
  year = {1981},
  volume = {78},
  pages = {3483--3486}
}

@ARTICLE{SEH78,
  author = {W. Schellenberger and K. Eschrich and E. Hofmann},
  title = {Dynamic properties of {\em in vitro} enzyme systems containing phosphofructokinase},
  journal = {Acta biol. med. germ.},
  year = {1978},
  volume = {37},
  pages = {1425--1441}
}

@ARTICLE{Schilling:2000,
  author = {C. H. Schilling and D. Letscher and B. O. Palsson},
  title = {Theory for the Systemic Definition of Metabolic Pathways and their
	use in Interpreting Metabolic Function from a Pathway-Oriented Perspective},
  journal = {J. theor. Biol},
  year = {2000},
  volume = {203},
  pages = {229--248}
}

@ARTICLE{Birgit2002,
  author = {B. Schoeberl and C. Eichler-Jonsson and E. D. Gilles and G. Muller},
  title = {Computational modeling of the dynamics of the MAP kinase cascade
	activated by surface and internalized EGF receptors.},
  journal = {Nat Biotechnol},
  year = {2002},
  volume = {20},
  pages = {370--5}
}

@ARTICLE{schuster:2000,
  author = {Schuster, Stefan and Fell, David\~{}A. and Dandekar, Thomas},
  title = {{A general definition of metabolic pathways useful for systematic
	organization and analysis of complex metabolic networks}},
  year = {2000},
  volume = {18},
  pages = {326--332},
  number = {3},
  month = mar
}

@ARTICLE{Schuster:2000,
  author = {S. Schuster and D. A. Fell and T. Dandekar},
  title = {A general definition of metabolic pathways useful for systematic
	organization and analysis of complex metabolic networks},
  journal = {Nature Biotechnlogy},
  year = {2000},
  volume = {18},
  pages = {326--332}
}

@ARTICLE{SchusterHilgetag:1995,
  author = {S. Schuster and C. Hilgetag},
  title = {What Information about the Conserved-Moiety Structure of Chemical
	Reaction Systems Can be Derived from Their Stoichiometry?},
  journal = {J. Phys. Chem.},
  year = {1995},
  volume = {99},
  pages = {8017--8023}
}

@ARTICLE{Schuster:2002,
  author = {S. Schuster and C. Hilgetag and J.H. Woods and D.A. Fell},
  title = {Reaction routes in biochemical reaction systems: Algebraic properties,
	validated calculation procedure and example from nucleotide metabolism},
  journal = {J. Math. Biol},
  year = {2002},
  volume = {45},
  pages = {153--181}
}

@ARTICLE{SchusterHofer:1991,
  author = {S. Schuster and T. Hofer},
  title = {Determining all extreme semi-positive conservation relations in chemical
	reaction systems: a test criterion for conservativity},
  journal = {J. Chem. Soc. Faraday Trans.},
  year = {1991},
  volume = {87},
  pages = {2561--2566}
}

@ARTICLE{Schuster1991,
  author = {S. Schuster and R. Schuster},
  title = {Detecting Strictly Detailed Balanced Subnetworks in Open Chemical
	Reaction Networks},
  journal = {J. Math. Chem.},
  year = {1991},
  volume = {6},
  pages = {17--40}
}

@ARTICLE{Sch89,
  author = {S. Schuster and R. Schuster},
  title = {A generalisation of {W}egscheider's condition. Implications for properties
	of steady states and for quasi-steady state approximation.},
  journal = {Mathemtaical Chemistry},
  year = {1989},
  volume = {3},
  pages = {25--42}
}

@ARTICLE{seetharaman:1998,
  author = {Seetharaman, K},
  title = {{The CORBA connection}},
  journal = {Communications of the ACM},
  year = {1998},
  volume = {41},
  pages = {34--36},
  number = {10},
  url = {http://dl.acm.org/citation.cfm?id=286245}
}

@ARTICLE{Segall1986,
  author = {J. E. Segall and S. M Block and H. C. Berg},
  title = {Temporal comparisons in bacterial chemotaxis},
  journal = {Proc Natl Acad Sci USA},
  year = {1986},
  volume = {83},
  pages = {8987--91}
}

@BOOK{segel:1993,
  title = {{Enzyme Kinetics}},
  publisher = {Wiley Classics Library},
  year = {1993},
  author = {Segel, I.\~{}H.}
}

@ARTICLE{Se76,
  author = {E. E. Selkov and S. N. Dynik},
  title = {Hysteresis, alternative steady states and oscillations in an open
	futile cycle containing a substrate-inhibited reaction},
  journal = {Biochemistry USSR},
  year = {1976},
  volume = {41},
  pages = {1365--1370},
  note = {English translation of Biokimiya}
}

@ARTICLE{Seno1978,
  author = {M. Seno and K. Iwamoto and K. Sawada},
  title = {Instability and Oscillatory Behavior of Membrane-Chemical Reaction
	Systems},
  journal = {J. theor. biol.},
  year = {1978},
  volume = {72},
  pages = {577--588}
}

@ARTICLE{ShaTysonPNAS2003,
  author = {W. Sha and J. Moore and K. Chen and A. D. Lassaletta and C-S. Yi
	and J. J. Tyson and J. C. Sible},
  title = {From the Cover: Hysteresis drives cell-cycle transitions in Xenopus
	laevis egg extracts},
  journal = {Proc. Natl. Acad. Sci. U.S.A.},
  year = {2003},
  volume = {100},
  pages = {975--980}
}

@INCOLLECTION{shapiro:2001,
  author = {Shapiro, BE},
  title = {{Automatic model generation for signal transduction with applications
	to MAP-kinase pathways}},
  booktitle = {Foundations of systems \ldots},
  publisher = {MIT Press},
  year = {2001},
  editor = {Kitano, Hiroaki},
  chapter = {7},
  pages = {145--161},
  url = {http://bruce-shapiro.com/pubs/2001.Cellerator.pdf}
}

@INPROCEEDINGS{shapiro:2001b,
  author = {Shapiro, Bruce\~{}E. and Mjolsness, Eric\~{}D.},
  title = {{Developmental Simulations with \{Cellerator\}}},
  booktitle = {The Proceedings of the Second International Conference on Systems
	Biology (ICSB2001)},
  year = {2001},
  editor = {Yi, Tau-Mu and Hucka, Michael and Morohashi, Mineo and Kitano, Hiroaki},
  publisher = {Omnipress, Inc.}
}

@INPROCEEDINGS{shapiro:2000,
  author = {Shapiro, B and Levchenko, A and Mjolsness, E},
  title = {{Cellerator: A Computational Technique for Automatic Model Generation
	of Signal Transduction Pathways}},
  booktitle = {Smart Systems 2000},
  year = {2000},
  publisher = {The Institute for Advanced Interdisciplinary Research, The Atlas
	Building, 16821 Buccaneer Lane, Suite 206, Houston, TX 77058, USA}
}

@ARTICLE{Cellerator,
  author = {B. E. Shapiro and A. Levchenko and E. M. Meyerowitz and B. J. Wold
	and E. D. Mjolsness},
  title = {Cellerator: extending a computer algebra system to include biochemical
	arrows for signal transduction simulations.},
  journal = {Bioinformatics},
  year = {2003},
  volume = {19},
  pages = {677--8}
}

@ARTICLE{AlonLetter2002,
  author = {S. S Shen-Orr and R. Milo and S. Mangan and U. Alon},
  title = {Network motifs in the transcriptional regulation network of Escherichia
	coli},
  journal = {Nature Genetics},
  year = {2002},
  volume = {31},
  pages = {64--68}
}

@ARTICLE{Shvartsman2002,
  author = {S. Y. Shvartsman and C. B. Muratov and D. A. Lauffenburger},
  title = {Modeling and computational analysis of EGF receptor-mediated cell
	communication in Drosophila oogenesis.},
  journal = {Development},
  year = {2002},
  volume = {129},
  pages = {2577--89}
}

@ARTICLE{siepel:2001,
  author = {Siepel, A and Farmer, A and Tolopko, A},
  title = {{ISYS: a decentralized, component-based approach to the integration
	of heterogeneous bioinformatics resources}},
  journal = {\ldots},
  year = {2001},
  volume = {17},
  pages = {83--94},
  number = {1},
  url = {http://bioinformatics.oxfordjournals.org/content/17/1/83.short}
}

@BOOK{skonnard:2001,
  title = {{Essential \{XML\} Quick Reference: A Programmer's Reference to \{XML\},
	\{XPath\}, \{XSLT\}, \{XML Schema\}, \{SOAP\}, and More}},
  year = {2001},
  author = {Skonnard, Aaron and Gudgin, Martin}
}

@ARTICLE{smaglik:2000,
  author = {Smaglik, P},
  title = {{For My Next Trick...}},
  year = {2000},
  volume = {407},
  pages = {828--829}
}

@ARTICLE{smaglik:2000b,
  author = {Smaglik, P},
  title = {{\{US\} Grant Glues 'Virtual Cell' Together}},
  year = {2000},
  volume = {407},
  pages = {819},
  number = {6806}
}

@ARTICLE{SF87,
  author = {Small, J.R. and Fell, D.A.},
  title = {Responses of metabolic systems: application of control analysis to
	yeast},
  journal = {Biochem. Soc. Trans.},
  year = {1987},
  volume = {12},
  pages = {238}
}

@PHDTHESIS{Sm88,
  author = {J. R. Small},
  title = {Theoretical aspects of metabolic control},
  school = {Oxford Polytechnic},
  year = {1988}
}

@ARTICLE{SF90a,
  author = {Small, J. R. and Fell, D. A.},
  title = {Covalent modification and metabolic control analysis: modification
	to the theorems and their application to metabolic systems containing
	covalently-modified enzymes.},
  journal = {Eur. J. Biochem.},
  year = {1990},
  volume = {191},
  pages = {405--411}
}

@ARTICLE{SF90b,
  author = {Small, J. R. and Fell, D. A.},
  title = {Metabolic control analysis : sensitivity of control coefficients
	to elasticities.},
  journal = {Eur. J. Biochem.},
  year = {1990},
  volume = {191},
  pages = {413--420}
}

@ARTICLE{SF89,
  author = {Small, J. R. and Fell, D. A.},
  title = {The matrix method of control analysis: its validity for complex pathway
	structures.},
  journal = {J. Theor. Biol.},
  year = {1989},
  volume = {136},
  pages = {181--197}
}

@ARTICLE{Sm69,
  author = {R. E. Smith and B. A. Horwitz},
  journal = {Physiol. Rev.},
  year = {1969},
  volume = {49},
  pages = {330--425}
}

@ARTICLE{Smolen2000,
  author = {P. Smolen and D. A. Baxter and J. H. Byrne},
  title = {Modeling transcriptional control in gene networks--methods, recent
	results, and future directions.},
  journal = {Bull Math Biol.},
  year = {2000},
  volume = {62},
  pages = {247--92}
}

@ARTICLE{SmolenReview,
  author = {P. Smolen and D. A. Baxter and J. H. Byrne},
  title = {Mathematical modeling of gene networks.},
  journal = {Neuron},
  year = {2000},
  volume = {26},
  pages = {567--80}
}

@ARTICLE{Smolen1998,
  author = {P. Smolen and D. A. Baxter and J. H. Byrne},
  title = {Frequency selectivity, multistability, and oscillations emerge from
	models of genetic regulatory systems.},
  journal = {Am J Physiol.},
  year = {1998},
  volume = {274},
  pages = {C531--42}
}

@ARTICLE{SmolenLongReview,
  author = {P. Smolen and D. A. Baxter and J, H. Byrnec},
  title = {Modeling Transcriptional Control in Gene Networks???Methods},
  journal = {Bulletin of Mathematical Biology},
  year = {2000},
  volume = {62},
  pages = {247-???292}
}

@ARTICLE{SF90,
  author = {K. Snell and D. A. Fell},
  title = {Metabolic control analysis of mammalian serine metabolism.},
  journal = {Adv. Enzyme Reg.},
  year = {1990},
  volume = {30},
  pages = {13--32}
}

@ARTICLE{Sole2002,
  author = {R. V. Sol$\acute{e}$e and R. F. Cancho and S. Valverde and J. M.
	Montoya},
  title = {Selection, Tinkering, and Emergence in Complex Networks},
  journal = {Complexity},
  year = {2002},
  volume = {8},
  pages = {20--33}
}

@BOOK{Soroka1954,
  title = {Analog Methods in Computation and Simulation},
  publisher = {McGraw-Hill Book Company Inc},
  year = {1954},
  author = {W. W. Soroka}
}

@ARTICLE{So86,
  author = {A. Sorribas and R. Bartrons},
  title = {Theoretical analysis of the flux control properties of a substrate
	cycle.},
  journal = {Eur. J. Biochem.},
  year = {1986},
  volume = {158},
  pages = {107--115}
}

@BOOK{SG76,
  title = {A Guide to Using CSMP--The Continuous Systems Modelling Program.},
  publisher = {Prentice-Hall, Englewood Cliffs, N.J.},
  year = {1976},
  author = {F. H. Speckhart and W. L. Green}
}

@ARTICLE{Stark2003,
  author = {J. Stark and R. Callard and M. Hubank},
  title = {From the top down: towards a predictive biology of signaling networks},
  journal = {Trends in Biotechnology},
  year = {2003},
  volume = {21},
  pages = {290--293}
}

@BOOK{steflik:2000,
  title = {{Advanced \{J\}ava Networking}},
  year = {2000},
  author = {Steflik, Dick and Sridharan, Prashant}
}

@ARTICLE{SB78,
  author = {Stein, R. B. and Blum, J. J.},
  title = {On the analysis of futile cycles in metabolism.},
  journal = {J. Theor. Biol.},
  year = {1978},
  volume = {72},
  pages = {487-522 }
}

@ARTICLE{St63,
  author = {D. Steinberg},
  journal = {Biochem. Soc. Symp.},
  year = {1963},
  volume = {24},
  pages = {111-143}
}

@INPROCEEDINGS{stelling:2000,
  author = {Stelling, J and Kremling, A and Gilles, E.\~{}D.},
  title = {{Towards a virtual biological laboratory}},
  booktitle = {\ldots Conference on Systems Biology},
  year = {2000},
  pages = {29--38},
  url = {http://sciencelinks.jp/j-east/article/200417/000020041704A0526365.php}
}

@BOOK{Stephanopoulos:Book,
  title = {Metabolic Engineering},
  publisher = {Academic Press},
  year = {1998},
  author = {G. Stephanopoulos and A. Aristidou and J. Nielsen}
}

@ARTICLE{stevens:2000,
  author = {Stevens, R and Miller, C},
  title = {{Wrapping and interoperating bioinformatics resources using CORBA}},
  journal = {Briefings in Bioinformatics},
  year = {2000},
  volume = {1},
  pages = {9--21},
  number = {1},
  url = {http://bib.oxfordjournals.org/content/1/1/9.short}
}

@ARTICLE{St89,
  author = {M. Stitt},
  title = {Control analysis of photosynthetic sucrose synthesis: assignment
	of elasticity coefficients and flux-control coefficients to the cytosolic
	fructose 1,6-bisphosphatase and sucrose phosphate synthase.},
  journal = {Phil. Trans. R. Soc( Lond. B},
  year = {1989},
  volume = {323},
  pages = {327--338}
}

@BOOK{Strang1988,
  title = {Linear Algebra and Its Applications},
  publisher = {International Thomson Publishing},
  year = {1988},
  author = {G. Strang},
  edition = {Third}
}

@BOOK{Strang1976,
  title = {Linear Algebra and Its Applications},
  publisher = {Academic Press},
  year = {1976},
  author = {G. Strang}
}

@MISC{sun:2001,
  author = {{Sun Microsystems}},
  title = {{Java \{D\}evelopment \{K\}it 1.3}},
  howpublished = {Available via the World Wide Web at $\backslash$url\{http://java.sun.com/j2se/1.3/\}},
  year = {2001}
}

@MISC{sun:2001b,
  author = {{Sun Microsystems}},
  title = {{\{RMI\} over \{IIOP\}}},
  howpublished = {Available via the World Wide Web at $\backslash$url\{http://java.sun.com/products/rmi-iiop/\}},
  year = {2001}
}

@TECHREPORT{sun:1998,
  author = {{Sun Microsystems}},
  title = {{Java$\backslash$textsuperscript\{$\backslash$tiny\{$\backslash$texttrademark\}\}
	Object Serialization Specification}},
  institution = {Sun Microsystems, Inc.},
  year = {1998},
  annote = {Available via the World Wide Web at $\backslash$url\{http://java.sun.com/products/jdk/1.2/docs/guide/serialization/\}},
  publisher = {Sun Microsystems, Inc.}
}

@BOOK{sweet:2001,
  title = {{\{KDE\} 2.0 Development}},
  publisher = {Sams},
  year = {2001},
  author = {Sweet, David}
}

@BOOK{TLA90,
  title = {Data structures using C},
  publisher = {Prentice-Hall International, Englewood Cliffs, NJ.},
  year = {1990},
  author = {A. M. Tenenbaum and Y. Langsam and M. J. Augenstein}
}

@ARTICLE{TR81a,
  author = {Y. Termonia and J. Ross},
  title = {Oscillations and control features in glycolysis: numerical analysis
	of a comprehensive model.},
  journal = {Proc. Natl. Acad. Sci. USA },
  year = {1981},
  volume = {78},
  pages = {2952--2956}
}

@ARTICLE{TR81b,
  author = {Y. Termonia and J. Ross},
  title = {Oscillations and control features in glycolysis: analysis of resonance
	effects.},
  journal = {Proc. Natl. Acad. Sci. USA },
  year = {1981},
  volume = {78},
  pages = {3563--3566 }
}

@ARTICLE{Teusink:2000,
  author = {B. Teusink and J. Passarge and K.A. Reijenga and E. Esgalhado and
	C.C. van der Weijden and M. Schepper and M.C. Walsh and B.M. Bakker
	and K. van Dam and H.V. Westerhoff and J.L. Snoep},
  title = {Can yeast glycolysis by understood in terms of in vitro kinetics
	of the constituent enzymes? Testing biochemistry},
  year = {2000},
  volume = {267},
  pages = {5313-5329}
}

@ARTICLE{Thar2003,
  author = {R. Thar and M. Kuhl},
  title = {Bacteria are not too small for spatial sensing of chemical gradients:
	An experimental evidence},
  journal = {Proc. Acad. Natl. Sci},
  year = {2003},
  volume = {100},
  pages = {5748--5753}
}

@MISC{mindelectric:2001,
  author = {{The Mind Electric}},
  title = {{The \{GLUE\} Platform}},
  howpublished = {Available via the World Wide Web at $\backslash$url\{http://www.themindelectric.com/products/glue/glue.html\}},
  year = {2001}
}

@MISC{sbw:2001,
  author = {{The SBW Development Group}},
  title = {{The \{ERATO\} \{Systems Biology Workbench\}}},
  howpublished = {Available via the World Wide Web at $\backslash$url\{http://www.cds.caltech.edu/erato/\}},
  year = {2001}
}

@MISC{taylor:1995,
  author = {Thompson, A and Taylor, B.\~{}N.},
  title = {{Guide for the Use of the International System of Units (SI)}},
  howpublished = {\{NIST\} Special Publication 811, 1995 Edition. National Institute
	of Standards and Technology, United States Department of Commerce.
	Available via the World Wide Web at $\backslash$url\{http://physics.nist.gov/Pubs/SP811/contents.html\}},
  year = {2008},
  url = {http://scholar.google.com/scholar?hl=en\&btnG=Search\&q=intitle:Guide+for+the+Use+of+the+International+System+of+Units+(\{SI\})\#1}
}

@MISC{thompson:2000,
  author = {Thompson, H.\~{}S. and Beech, D and Maloney, M and Mendelsohn, N},
  title = {{\{XML\} \{S\}chema Part 1: Structures (\{W3C\} Candidate Recommendation
	24 \{O\}ctober 2000)}},
  howpublished = {Available via the World Wide Web at $\backslash$url\{http://www.w3.org/TR/xmlschema-1/\}},
  year = {2000}
}

@ARTICLE{TK85,
  author = {Thorburn, D. R. and Kuchel, P. W.},
  title = {Regulation of the human erythrocyte hexose monophosphate shunt under
	conditions of oxidative stress},
  journal = {Eur. J. Biochem. },
  year = {1985},
  volume = {150},
  pages = {371--386}
}

@ARTICLE{Thron1996,
  author = {C. D. Thron},
  title = {A model for a bistable biochemical trigger of mitosis},
  journal = {Biophysical Chemistry},
  year = {1996},
  volume = {57},
  pages = {239--251}
}

@ARTICLE{tomita:1999,
  author = {Tomita, M and Hashimoto, K and Takahashi, K and Shimizu, T and Matsuzaki,
	Y and Miyoshi, F and Saito, K and Tanida, S and Yugi, K and Venter,
	J.\~{}C. and Hutchison, C},
  title = {{E-\{C\}ELL: Software Environment for Whole Cell Simulation}},
  journal = {Bioinformatics},
  year = {1999},
  volume = {15},
  pages = {72--84},
  number = {1}
}

@ARTICLE{ECELL,
  author = {M. Tomita and K. Hashimoto and K. Takahashi and T. S. Shimizu and
	Y. Matsuzaki and Miyoshi F, Saito K and S. Tanida and K. Yugi and
	J. C. Venter and C. A Hutchison},
  title = {E-CELL: software environment for whole-cell simulation.},
  journal = {Bioinformatics},
  year = {1999},
  volume = {15},
  pages = {72--84}
}

@MISC{tomita:2001,
  author = {Tomita, M and Nakayama, Y and Naito, Y and Shimizu, T and Hashimoto,
	K and Takahashi, K and Matsuzaki, Y and Yugi, K and Miyoshi, F and
	Saito, Y and Kuroki, A and Ishida, T and Iwata, T and Yoneda, M and
	Kita, M and Yamada, Y and Wang, E and Seno, S and Okayama, M and
	Kinoshita, A and Fujita, Y and Matsuo, R and Yanagihara, T and Watari,
	D and Ishinabe, S and Miyamoto, S},
  title = {{E-Cell}},
  howpublished = {Available via the World Wide Web at $\backslash$url\{http://www.e-cell.org/\}},
  year = {2001}
}

@ARTICLE{To86,
  author = {Torres, N. V. and Mateo, F. and Melendez-Hevia, E. and Kacser, H.},
  title = {Kinetics of metabolic pathways. },
  journal = {Biochem. J.},
  year = {1986},
  volume = {234},
  pages = {169--174 }
}

@ARTICLE{trankle:1997,
  author = {Tr\"{a}nkle, F and Gerstlauer, A and Zeitz, M and Gilles, E.\~{}D.},
  title = {{Application of the modeling and simulation environment PROMOT/DIVA
	to the modeling of distillation processes}},
  journal = {Computers \& Chemical \ldots},
  year = {1997},
  volume = {21},
  pages = {S841----S846},
  number = {Suppl. S},
  url = {http://www.sciencedirect.com/science/article/pii/S0098135497876077}
}

@ARTICLE{tyma:1998,
  author = {Tyma, P},
  title = {{Why are we using Java again?}},
  journal = {Communications of the ACM},
  year = {1998},
  volume = {6},
  number = {38--42},
  url = {http://dl.acm.org/citation.cfm?id=276617}
}

@ARTICLE{Tyson1978,
  author = {J. Tyson and H. G. Othmer},
  title = {The dynamics of feedback control circuits in biochemical pathways},
  journal = {Progress in Theoretical Biology (R. Rosen \& F.M. Snell, Eds.)},
  year = {1978},
  volume = {5},
  pages = {1--62}
}

@ARTICLE{TysonNatReview2001,
  author = {J. J. Tyson and K. Chen and B. Novak},
  title = {Network Dynamics And Cell Physiology},
  journal = {Nature Reviews Molecular Cell Biology},
  year = {2001},
  volume = {2},
  pages = {908--916}
}

@ARTICLE{TysonCell2003,
  author = {J. J Tyson and K. C. Chen and B. Novak},
  title = {Sniffers, buzzers, toggles and blinkers: dynamics of regulatory and
	signaling pathways in the cell},
  journal = {Current Opinion in Cell Biology},
  year = {2003},
  volume = {15},
  pages = {221--231}
}

@ARTICLE{TysonBioessay2002,
  author = {J. J. Tyson and A. Csikasz-Nagy and B. Novak},
  title = {The dynamics of cell cycle regulation},
  journal = {BioEssays},
  year = {2002},
  volume = {24},
  pages = {1095--1109}
}

@ARTICLE{Umbarger1956,
  author = {H. E. Umbarger},
  title = {Evidence for a Negative-Feedback Mechanism in the Biosynthesis of
	Leucine},
  journal = {Science},
  year = {1956},
  volume = {123},
  pages = {848}
}

@BOOK{unicode:1996,
  title = {{The \{U\}nicode Standard, Version 2.0}},
  publisher = {Addison-Wesley Developers Press},
  year = {1996},
  author = {{Unicode Consortium}},
  address = {Reading, Massachusetts}
}

@MISC{userland:2001,
  author = {{UserLand Inc.}},
  title = {{\{XML-RPC\} Home Page}},
  howpublished = {Available via the World Wide Web at $\backslash$url\{http://www.xml-rpc.com/\}},
  year = {2001}
}

@ARTICLE{Uy79,
  author = {K. Uyeda},
  title = { },
  journal = {Adv. Enzymol.},
  year = {1979},
  volume = {48},
  pages = {194--244}
}

@ARTICLE{vinoski:1997,
  author = {Vinoski, S},
  title = {{CORBA: Integrating diverse applications within distributed heterogeneous
	environments}},
  journal = {Communications Magazine, IEEE},
  year = {1997},
  month = feb,
  url = {http://ieeexplore.ieee.org/xpls/abs\_all.jsp?arnumber=565655}
}

@ARTICLE{Visser:2002,
  author = {D. Visser and J.J. Heijnen},
  title = {The Mathematics of Metabolic Control Analysis Revisited},
  journal = {Metabolic Engineering},
  year = {2002},
  volume = {4},
  pages = {114--123}
}

@BOOK{Voit:Book,
  title = {Computational Analysis of Biochemical Systems},
  publisher = {Cambridge University Press},
  year = {2000},
  author = {E. O. Voit}
}

@ARTICLE{Vo87,
  author = {E. O. Voit},
  title = {Control in perspective.},
  journal = {Trends Biochem. Sci. },
  year = {1987},
  volume = {12},
  pages = {221}
}

@ARTICLE{VS87,
  author = {E. O. Voit and M. A. Savageau},
  title = {Accuracy of alternative representations for integrated biochemical
	systems. },
  journal = {Biochemistry},
  year = {1987},
  volume = {26},
  pages = {6869--6880}
}

@ARTICLE{VS82,
  author = {E. O. Voit and M. A. Savageau},
  title = {Power-Law Approach to Modelling Biological Systems. \verb%III%. Methods
	of Analysis.},
  journal = {J. Ferment. Technol.},
  year = {1982},
  volume = {60},
  pages = {233--241}
}

@MISC{w3c:2000,
  author = {W3C},
  title = {{Naming and Addressing: \{URI\}s, \{URL\}s, ...}},
  howpublished = {Available via the World Wide Web at $\backslash$url\{http://www.w3.org/Addressing/\}},
  year = {2000}
}

@MISC{w3c:2000b,
  author = {W3C},
  title = {{\{W3C\}'s Math Home Page}},
  howpublished = {Available via the World Wide Web at $\backslash$url\{http://www.w3.org/Math/\}},
  year = {2000}
}

@ARTICLE{Wald1965,
  author = {G. Wald},
  title = {Visual Excitation and Blodd Clotting},
  journal = {Science},
  year = {1965},
  volume = {150},
  pages = {1028--1030}
}

@BOOK{arnold:2000,
  title = {{The Jini Specification}},
  year = {2000},
  editor = {Arnold, Ken},
  author = {Waldo, J and Arnold, K},
  url = {http://dl.acm.org/citation.cfm?id=560922}
}

@MISC{wall:2002,
  author = {Wall, Larry},
  title = {{\{P\}erl 5.6}},
  howpublished = {Available via the World Wide Web at $\backslash$url\{http://www.cpan.org\}},
  year = {2002}
}

@MISC{wallnoefer:2000,
  author = {Wallnoefer, Hannes},
  title = {{Helma \{XML-RPC\} library for \{Java\}, version 1.0 beta 4}},
  howpublished = {Available via the World Wide Web at $\backslash$url\{http://xmlrpc.helma.org/\}},
  year = {2001}
}

@ARTICLE{waltemath2011,
  author = {Waltemath, D. and Adams, R. and Beard, D.A. and Bergmann, F.T. and
	Bhalla, U.S. and Britten, R. and Chelliah, V. and Cooling, M.T. and
	Cooper, J. and Crampin, E.J. and others},
  title = {Minimum information about a simulation experiment (MIASE)},
  journal = {PLoS computational biology},
  year = {2011},
  volume = {7},
  pages = {e1001122},
  number = {4},
  publisher = {Public Library of Science}
}

@ARTICLE{Wa84b,
  author = {Wanders, R. J. A. and Groen, A. K. and van Roermund, C. W. T. and
	Tager, J. M.},
  title = {Factors determining the relative contribution of the adenine-nucleotide
	translocator and the ADP generating system to the control of ox.
	phos.},
  journal = {Eur. J. Biochem.},
  year = {1984},
  volume = {142},
  pages = {417--424}
}

@ARTICLE{Wa84a,
  author = {Wanders, R. J. A. and van Roermund, C. W. T. and Meijer, A. J.},
  title = {Analysis of the control of citrulline synthesis in isolated rat liver
	mitochondria.},
  journal = {Eur. J. Biochem.},
  year = {1984},
  volume = {142},
  pages = {247--254 }
}

@ARTICLE{TIBSWest_HK,
  author = {A. H. West and Ann M. Stock},
  title = {Histidine kinases and response regulator proteins in two-compartment
	signaling systems},
  journal = {TIBS},
  year = {2001},
  volume = {26},
  pages = {369--376}
}

@ARTICLE{We84b,
  author = {Westerhoff, H. V. and Chen, Y.-D.},
  title = {How do enzyme activities control metabolite concentrations? },
  journal = {Eur. J. Biochem. },
  year = {1984},
  volume = {142},
  pages = {425--430}
}

@ARTICLE{We84a,
  author = {Westerhoff, H. V. and Groen, A. K. and Wanders, R. J. A.},
  title = {Modern theories of metabolic control and their application. },
  journal = {Biosci. Rep.},
  year = {1984},
  volume = {4},
  pages = {1--22}
}

@ARTICLE{WK87,
  author = {Westerhoff, H. V. and Kell, D. B.},
  title = {Matrix method for determining steps most rate-limiting to flux in
	biotechnological processes.},
  journal = {Biotechnol. Bioeng.},
  year = {1987},
  volume = {30},
  pages = {101-107}
}

@ARTICLE{Widmann1999,
  author = {C. Widmann and S. Gibson and M. B. Jarpe and G. L. Johnson},
  title = {Mitogen-activated protein kinase: conservation of a three-kinase
	module from yeast to human.},
  journal = {Physiol Rev.},
  year = {1999},
  pages = {143--80}
}

@ARTICLE{Wiley2003,
  author = {H. S. Wiley and S. Y. Shvartsman and D. A. Lauffenburger},
  title = {Computational modeling of the EGF-receptor system: a paradigm for
	systems biology.},
  journal = {Trends Cell Biol.},
  year = {2003},
  volume = {13},
  pages = {43--50}
}

@MISC{wilson:2001,
  author = {Wilson, John},
  title = {{MinML version 1.0}},
  howpublished = {Available via the World Wide Web at $\backslash$url\{http://www.wilson.co.uk/\}},
  year = {2001}
}

@MISC{XMLRPCRef,
  author = {D. Winer},
  title = {{XML-RPC}},
  howpublished = {http://www.xmlrpc.com/spec/},
  year = {2001}
}

@MISC{winer:2001,
  author = {Winer, D},
  title = {{Xml-rpc specification}},
  howpublished = {Available via the World Wide Web at $\backslash$url\{http://www.xmlrpc.com/spec/\}},
  year = {1999},
  url = {http://scholar.google.com/scholar?hl=en\&btnG=Search\&q=intitle:\{XML-RPC\}+Specification\#0}
}

@ARTICLE{WolfArkin2003,
  author = {D. M. Wolf and A. P. Arkin},
  title = {Motifs, modules and games in bacteria.},
  journal = {Current Opinion in Microbiology},
  year = {2003},
  volume = {6},
  pages = {125--34}
}

@ARTICLE{WolfArkin2002,
  author = {D. M. Wolf and A. P. Arkin},
  title = {Fifteen minutes of fim: control of type 1 pili expression in E. coli.},
  journal = {OMICS},
  year = {2002},
  volume = {6},
  pages = {91--114}
}

@BOOK{FunctionsBook,
  title = {Function Circuits: Design and Applications},
  publisher = {McGraw-Hill Book Company},
  year = {1976},
  author = {Y. J. Wong and W. E. Ott}
}

@ARTICLE{Wo86,
  author = {Woodrow, I. E.},
  title = {Control of the rate of photosynthetic carbon dioxide fixation},
  journal = {Biochim. Biophys. Acta },
  year = {1986},
  volume = {851},
  pages = {181-192}
}

@UNPUBLISHED{Wo90,
  author = {J. Woods},
  title = {Strategies in Genetic Engineering},
  note = {Honours Dissertation, University of Edinburgh.},
  year = {1990}
}

@ARTICLE{Wright1934,
  author = {S. Wright},
  title = {Physiological and Evolutionary Theories of Dominance},
  journal = {The American Naturalist},
  year = {1934},
  volume = {68},
  pages = {24--53}
}

@ARTICLE{Wright1929,
  author = {S. Wright},
  title = {Fisher's Theory of Dominance},
  journal = {The American Naturalist},
  year = {1929},
  volume = {63},
  pages = {274--279}
}

@ARTICLE{Yates1956,
  author = {R. A. Yates and A. B. Pardee},
  title = {Control of Pyrimidine Biosynthesis in Escherichia coli by a Feed-Back
	Mechanism},
  journal = {J. Biol. Chem.},
  year = {1956},
  volume = {221},
  pages = {757--770}
}

@ARTICLE{YiDoyle2000,
  author = {T. Yi and Y. Huang and M. I. Simon and J. Doyle},
  title = {Robust perfect adaptation in bacterial chemotaxis through integral
	feedback control},
  journal = {Proc. Natl. Acad. Sci. USA.},
  year = {2000},
  volume = {97},
  pages = {4649-???4653}
}

@ARTICLE{Yildirim2003,
  author = {N. Yildirim and M. C. Mackey},
  title = {Feedback Regulation in the Lactose Operon: A Mathematical Modeling
	Study and Comparison with Experimental Data},
  journal = {Biophys. J.},
  year = {2003},
  volume = {84},
  pages = {2841--2851}
}

@MISC{MFAML2004,
  author = {H. Yun and D. Lee and S. Lee and J. Jeong and S. Lee},
  title = {MFAML: an XML-based standard format for metabolic flux analysis},
  year = {2004},
  organization = {The 15th International Conference on Genome Informatics}
}

@ARTICLE{OncogeneZimmermann,
  author = {S. Zimmermann and C. Rommel and A. Ziogas and J. Lovric and K. Moeling
	and G. Radziwill},
  title = {MEK1 mediates a positive feedback on Raf-1 activity independently
	of Ras and Src},
  journal = {Oncogene},
  year = {1997},
  volume = {15},
  pages = {1503--1511}
}

@BOOK{enzymes,
  title = {The enzymes},
  publisher = {Academic Press},
  year = {1970},
  editor = {P. D. Boyer},
  address = {New York},
  edition = {Third},
  booktitle = {The enzymes}
}

@BOOK{CB90,
  title = {Control of Metabolic Processes},
  publisher = {Plenum Press, New York},
  year = {1990},
  editor = {A. Cornish-Bowden and M. L. C\'{a}rdenas},
  series = {NATO ASI Series},
  booktitle = {Control of Metabolic Processes}
}

@BOOK{kitano:2001b,
  title = {{Systems \{B\}iology}},
  publisher = {Shujunsha},
  year = {2001},
  editor = {Kitano, Hiroaki}
}

@BOOK{MR88,
  title = {Le contr\^{o}le du m\'{e}tabolisme},
  publisher = {Universit\'{e} de Bordeaux {II}, Bordeaux.},
  year = {1988},
  editor = {Mazat, J.P. and Reder C.},
  booktitle = {Le contr\^{o}le du m\'{e}tabolisme}
}

@BOOK{Si82,
  title = {Metabolic compartmentation},
  publisher = {Academic Press},
  year = {1982},
  editor = {H. Sies},
  address = {London},
  booktitle = {Metabolic compartmentation}
}

