@ARTICLE{abbott:1999,
       AUTHOR = {A. Abbott},
        TITLE = {Alliance of {US} Labs Plans to Build Map of Cell
                 Signalling Pathways}, 
      JOURNAL = NAT,
         YEAR = 1999,
       VOLUME = 402,
        PAGES = {219--200}
}

@ARTICLE{achard:2001,
       AUTHOR = {Fr\'{e}d\'{e}rik Achard and Guy Vaysseix and Emmanuel Barillot},
        TITLE = {{XML}, bioinformatics and data integration},
      JOURNAL = BI,
         YEAR = 2001,
       VOLUME = 17,
       NUMBER = 2,
        PAGES = {115--125},
     LOCATION = F
}

@INCOLLECTION{allen:2000,
       AUTHOR = {Gabrielle Allen and Werner Benger and Tom Goodale and Hans-Christian
                 Hege and Gerd Lanfermann and Andr\'{e} Merzky and Thomas Radke and
                 Edward Seidel and John Shalf},
        TITLE = {The {Cactus Code}: A Problem Solving Environment for the {G}rid},
    BOOKTITLE = {Proceedings of the Ninth IEEE International Symposium on High Performance Distributed Computing (HPDC9)},
    PUBLISHER = {IEEE Computer Society},
         YEAR = 2000
}

@MISC{apache:2001,
       AUTHOR = {{Apache Software Foundation}},
        TITLE = {Crimson Version 1.1},
 HOWPUBLISHED = {Available via the World Wide Web at
                 \url{http://xml.apache.org/crimson/index.html}},
         YEAR = 2001
}

@MISC{apache:2001b,
       AUTHOR = {{Apache Software Foundation}},
        TITLE = {Xerces Version 1.3.1},
 HOWPUBLISHED = {Available via the World Wide Web at
                 \url{http://xml.apache.org/xerces-j/index.html}},
         YEAR = 2001
}

@ARTICLE{arkin:1998,
       AUTHOR = {A. Arkin and J. Ross and H. McAdams},
        TITLE = {Stochastic kinetic analysis of developmental pathway 
                 bifurcation in phage $\lambda$-infected {E}scherichia coli cells},
      JOURNAL = {Genetics},
         YEAR = 1998,
       VOLUME = 149,
        PAGES = {1633--1648}
}

@MISC{arkin:2001,
       AUTHOR = {A.~P. Arkin},
        TITLE = {\emph{Simulac} and \emph{Deduce}},
 HOWPUBLISHED = {Available via the World Wide Web at
\url{http://gobi.lbl.gov/~aparkin/Stuff/Software.html}},
         YEAR = 2001
}

@BOOK{arnold:1997,
       AUTHOR = {K. Arnold and J. Gosling},
	TITLE = {The {Java} Programming Language},
    PUBLISHER = AW,
	 YEAR = 1997
}

@BOOK{arnold:2000,
       EDITOR = {Ken Arnold},
	TITLE = {The {Jini} Specification, 2nd Edition},
    PUBLISHER = AW,
	 YEAR = 2000
}

@MISC{ascher:2001,
       AUTHOR = {David Ascher and Paul~F. Dubois and Konrad Hinsen and
                 Jim Hugunin and Travis Oliphant},
        TITLE = {Numerical {P}ython},
 HOWPUBLISHED = {Available via the World Wide Web at
                 \url{http://www.numpy.org}.},
         YEAR = 2001
}
