@MISC{biggs:2001,
       AUTHOR = {Wes Biggs},
        TITLE = {Package \texttt{gnu.regexp}: Regular expressions for {Java}},
 HOWPUBLISHED = {Available via the World Wide Web at
                 \url{http://www.cacas.org/java/gnu/regexp/}.},
         YEAR = 2001
}

@MISC{bipm:1998,
       AUTHOR = {{Bureau International des Poids et Mesures}},
        TITLE = {The {International} {System} of {Units} ({SI})},
 HOWPUBLISHED = {Available via the World Wide Web at
                 \url{http://www.bipm.fr/pdf/si-brochure.pdf}.},
         YEAR = 1998
}

% The capitalization on the title of the next one is goofy and
% appears as shown:

@MISC{bipm:2000,
       AUTHOR = {{Bureau International des Poids et Mesures}},
        TITLE = {The {International} {System} of {Units} ({SI}) Supplement 2000: addenda
                 and corrigenda to the 7th edition (1998)},
 HOWPUBLISHED = {Available via the World Wide Web at
                 \url{http://www.bipm.fr/pdf/si-supplement2000.pdf}.},
         YEAR = 2000
}

@MISC{biron:2000,
       AUTHOR = {P.~V. Biron and A. Malhotra},
        TITLE = {{XML} {S}chema Part 2: Datatypes ({W3C} Candidate
                 Recommendation 24 {O}ctober 2000)},
 HOWPUBLISHED = {Available via the World Wide Web at
                 \url{http://www.w3.org/TR/xmlschema-2/}.},
         YEAR = 2000
}

@TECHREPORT{borenstein:1992,
       AUTHOR = {N. Borenstein and N. Freed},
        TITLE = {{MIME} ({Multipurpose Internet Mail Extensions})},
  INSTITUTION = {Bellcore},
         TYPE = {Internet Request for Comments},
       NUMBER = 1341,
         NOTE = {Available via the World Wide Web at
                 \url{http://www.faqs.org/rfcs/rfc1341.html}},
         YEAR = 1992
}

@ARTICLE{bosak:1999,
       AUTHOR = {J. Bosak and T. Bray},
        TITLE = {{XML} and the Second-Generation Web},
      JOURNAL = SA,
         YEAR = 1999,
        MONTH = may
}

@MISC{box:2000,
       AUTHOR = {D. Box and D. Ehnebuske and G. Kakivaya and A. Layman and
                  N. Mendelsohn and H.~F. Nielsen and S. Thatte and D. Winer},
        TITLE = {Simple {O}bject {A}ccess {P}rotocol ({SOAP}) 1.1: {W3C} Note 08 {M}ay 2000},
 HOWPUBLISHED = {Available via the World Wide Web at
                 \url{http://www.w3.org/TR/SOAP/}},
         YEAR = 2000
}

@INPROCEEDINGS{bramley:2000,
       AUTHOR = {Randall Bramley and Kenneth Chiu and Shridhar Diwan and Dennis
                 Cannon and Madhusudhan Govindaraju and Nirmal Mukhi and 
                 Benjamin Temko and Madhuri Yechuri},
        TITLE = {A Component Based Services Architecture for Building
                 Distributed Applications},
    BOOKTITLE = {Proceedings of the 9th {IEEE} International Symposium on High
                 Performance Distributed Computing, Pittsburgh, PA, Aug. 2000},
         YEAR = 2000
}

@MISC{bray:1998,
       AUTHOR = {T. Bray and J. Paoli and C.~M. Sperberg-McQueen},
        TITLE = {Extensible Markup Language ({XML}) 1.0, {W3C} Recommendation
                  10-{F}ebruary-1998},
 HOWPUBLISHED = {Available via the World Wide Web at
                 \url{http://www.w3.org/TR/1998/REC-xml-19980210}},
         YEAR = 1998
}

@MISC{bray:1999,
       AUTHOR = {T. Bray and D. Hollander, D and A. Layman},
        TITLE = {Namespaces in {XML}.  {W}orld {W}ide {W}eb {C}onsortium 14-{J}anuary-1999},
 HOWPUBLISHED = {Available via the World Wide Web at
                 \url{http://www.w3.org/TR/1999/REC-xml-names-19990114/}},
         YEAR = 1999
}

@MISC{bray:2001,
       AUTHOR = {Dennis Bray and Carl Firth and Nicolas {Le Nov\`{e}re} and Thomas Shimizu},
        TITLE = {\emph{StochSim}},
 HOWPUBLISHED = {Available via the World Wide Web at
                 \url{http://www.zoo.cam.ac.uk/comp-cell/StochSim.html}},
         YEAR = 2001
}

@BOOK{buschmann:1996,
       AUTHOR = {Frank Buschmann and Regine Meunier and Hans Rohnert and
                 Peter Sommerlad and and Michael Stal},
	TITLE = {Pattern-Oriented Software Architecture: A System of Patterns},
    PUBLISHER = WI,
	 YEAR = 1996
}
