@ARTICLE{casanova:1997,
       AUTHOR = {Henri Casanova and Jack Dongarra},
        TITLE = {{NetSolve}: {A} Network-Enabled 
                 Server for Solving Computational Science Problems},
      JOURNAL = {The International Journal of Supercomputer Applications and High Performance Computing},
         YEAR = 1997,
       VOLUME = 11,
       NUMBER = 3,
        PAGES = {212--223}
}

@ARTICLE{chong:2002,
       AUTHOR = {Lisa Chong and L.~Bryan Ray},
        TITLE = {Whole-istic Biology},
      JOURNAL = SCI,
         YEAR = 2002,
       VOLUME = 295,
       NUMBER = 5560,
        PAGES = {1661},
        MONTH = mar
}

@MISC{clark:1998,
       AUTHOR = {James Clark},
        TITLE = {{XP} Version 0.5},
 HOWPUBLISHED = {Available via the World Wide Web at
                 \url{ftp://ftp.jclark.com/pub/xml/}},
         YEAR = 1998
}

@MISC{colan:1999,
       AUTHOR = {Mark Colan},
        TITLE = {{InfoBus} 1.2 Specification},
 HOWPUBLISHED = {Available via the World Wide Web at
                 \url{http://java.sun.com/products/javabeans/infobus/}},
         YEAR = 1999
}
