@BOOK{eddon:1999,
       AUTHOR = {Guy Eddon and Henry Eddon},
	TITLE = {Inside Distributed {COM}},
    PUBLISHER = {Microsoft Press},
	 YEAR = 1999,
      ADDRESS =	{Redmond, WA},
         ISBN =	{1-57231-849-x}
}

@BOOK{eriksson:1998,
       AUTHOR = {H.-E. Eriksson and M. Penker},
	TITLE = {{UML} Toolkit},
    PUBLISHER = {John Wiley \& Sons},
	 YEAR = 1998,
      ADDRESS =	{New York}
}

@MISC{ermentrout:2001,
       AUTHOR = {Bard Ermentrout},
        TITLE = {{XPPAUT} 5.0},
 HOWPUBLISHED = {Available via the World Wide Web at
                 \url{http://www.math.pitt.edu/~bard/xpp/xpp.html}},
         YEAR = 2001
}
