@MISC{fallside:2000,
       AUTHOR = {D.~C. Fallside},
        TITLE = {{XML} {S}chema Part 0: Primer ({W3C} Candidate
                 Recommendation 24 {O}ctober 2000)},
 HOWPUBLISHED = {Available via the World Wide Web at
                 \url{http://www.w3.org/TR/xmlschema-0/}},
         YEAR = 2000
}

@BOOK{farley:1998,
       AUTHOR = {Jim Farley},
        TITLE = {Java Distributed Computing},
    PUBLISHER = OREILLY,
         YEAR = 1998
}

@BOOK{fell:1997,
       AUTHOR = {David~A. Fell},
        TITLE = {Understanding the Control of Metabolism},
    PUBLISHER = {Portland Press},
         YEAR = 1997,
      ADDRESS = {London}
}

@MISC{finney:2000,
       AUTHOR = {Andrew Finney},
        TITLE = {Internal Discussion Document: Possible extensions to the {Systems Biology Markup Language}},
 HOWPUBLISHED = {Available via the World Wide Web at
                 \url{http://www.cds.caltech.edu/erato/extensions.html}},
         YEAR = 2000
}

@MISC{finney:2001a,
       AUTHOR = {Andrew Finney},
        TITLE = {Miscellaneous Aspects of the Design of the {Systems
                 Biology Workbench} ({SBW})},
 HOWPUBLISHED = {Available via the World Wide Web at
                 \url{http://www.cds.caltech.edu/erato/sbw/docs/misc-aspects/}},
         YEAR = 2001
}

@INPROCEEDINGS{finney:2001b,
       AUTHOR = {Andrew Finney and Michael Hucka and Herbert~M. Sauro and
                 John~C. Doyle and Hiroaki Kitano},
        TITLE = {An Overview of the {ERATO} {Systems Biology Workbench} Project},
    BOOKTITLE = {Proceedings of the 2nd Workshop on Computation and Biochemical
                 Pathways},
        PAGES = {115--122},
         YEAR = 2001,
       EDITOR = {R. Gauges and C. {van~Gend} and U. Kummer},
      ADDRESS = {Heidelberg, Germany},
    PUBLISHER = {European Media Labs}
}

@MISC{finney:2001c,
       AUTHOR = {Andrew Finney and Michael Hucka and Herbert~M. Sauro and Hamid Bolouri},
        TITLE = {Systems {B}iology {W}orkbench {C} Programmer's Manual},
 HOWPUBLISHED = {Available via the World Wide Web at
                 \url{http://www.cds.caltech.edu/erato/sbw/docs/api/}},
         YEAR = 2001
}

@MISC{finney:2001d,
       AUTHOR = {Andrew Finney and Michael Hucka and Herbert~M. Sauro and Hamid Bolouri},
        TITLE = {Systems {B}iology {W}orkbench {C++} Programmer's Manual},
 HOWPUBLISHED = {Available via the World Wide Web at
                 \url{http://www.cds.caltech.edu/erato/sbw/docs/api/}},
         YEAR = 2001
}

@MISC{finney:2001e,
       AUTHOR = {Andrew Finney and Michael Hucka and Herbert~M. Sauro and Hamid Bolouri},
        TITLE = {Systems {B}iology {W}orkbench {J}ava Programmer's Manual},
 HOWPUBLISHED = {Available via the World Wide Web at
                 \url{http://www.cds.caltech.edu/erato/sbw/docs/api/}},
         YEAR = 2001
}

@MISC{finney:2002,
       AUTHOR = {Andrew Finney and Michael Hucka and Herbert~M. Sauro and Hamid Bolouri},
        TITLE = {Systems {B}iology {W}orkbench {C} Programmer's Manual},
 HOWPUBLISHED = {Available via the World Wide Web at
                 \url{http://www.cds.caltech.edu/erato/sbw/docs/}},
         YEAR = 2002
}

@MISC{finney:2002b,
       AUTHOR = {Andrew Finney and Michael Hucka and Herbert~M. Sauro and Hamid Bolouri},
        TITLE = {Systems {B}iology {W}orkbench {C++} Programmer's Manual},
 HOWPUBLISHED = {Available via the World Wide Web at
                 \url{http://www.cds.caltech.edu/erato/sbw/docs/}},
         YEAR = 2002
}

@MISC{finney:2002c,
       AUTHOR = {Andrew Finney and Victoria Gor and Eric Mjolsness and Hamid Bolouri},
        TITLE = {Systems {B}iology {M}arkup {L}anguage ({SBML}) {L}evel 2 {P}roposal: Miscellaneous {F}eatures},
         YEAR = 2002
}

@BOOK{flanagan:1999,
       AUTHOR = {David Falangan},
    TITLE = {Java\textsuperscript{\tiny{\texttrademark}} in a Nutshell},
    PUBLISHER = OREILLY,
     YEAR = 1999,
      ADDRESS = {Sebastopol, CA, USA}
}

@ARTICLE{foster:1996,
       AUTHOR = {Ian Foster and Carl Kesselman and Steven Tuecke},
        TITLE = {The {Nexus} Approach to Integrating Multithreading and Communication},
      JOURNAL = {Journal of Parallel and Distributed Computing},
         YEAR = 1996,
       VOLUME = 37,
       NUMBER = 1,
        PAGES = {70--82}
}
