@BOOK{harbison:1995,
       AUTHOR = {S.~P. Harbison and G.~L. Steele},
        TITLE = {C: A Reference Manual},
    PUBLISHER = PH,
         YEAR = 1995
}

@BOOK{harold:2001,
       AUTHOR = {E.~R. Harold and E.~S. Means},
        TITLE = {{XML} in a Nutshell},
    PUBLISHER = OREILLY,
         YEAR = 2001
}

@ARTICLE{hedley:2001,
       AUTHOR = {Warren~J. Hedley and Melanie~R. Nelson and D.~P. Bullivant
                 and Poul~F. Nielson},
        TITLE = {A Short Introduction to {CellML}},
      JOURNAL = PTRSA,
         YEAR = 2001,
       VOLUME = 359,
        PAGES = {1073--1089}
}

@MISC{hedley:2001b,
       AUTHOR = {Warren~J. Hedley and Melanie~R. Nelson and David Bullivant and
                 Autumn Cuellar and Yi Ge and Mark Grehlinger and Kam Jim and
                 Scott Lett and David Nickerson and Poul Nielsen and Haoyu Yu},
        TITLE = {{CellML} Specification},
 HOWPUBLISHED = {Available via the World Wide Web at
                 \url{http://www.cellml.org/public/specification/20010810/cellml_specification.html}.},
         YEAR = 2001
}

@ARTICLE{hlavacek:1997,
       AUTHOR = {W.~S. Hlavacek and M.~A. Savageau},
        TITLE = {Completely uncoupled and perfectly
                 coupled gene expression in repressible systems},
      JOURNAL = JMB,
         YEAR = 1997,
       VOLUME = 266,
       NUMBER = 3,
        PAGES = {538--558},
        MONTH = feb
}

@ARTICLE{hofmeyr:1997,
       AUTHOR = {J.~H. Hofmeyr and A. Cornish-Bowden},
        TITLE = {The Reversible {H}ill Equation: How to Incorporate
                 Cooperative Enzymes into Metabolic Models},
      JOURNAL = {Computer Applications in the Biosciences},
         YEAR = 1997,
       VOLUME = 13,
        PAGES = {377--385},
}

@BOOK{hortsmann:2000,
       AUTHOR = {C.~S. Hortsmann and G. Cornell},
        TITLE = {Core {Java} 2, Volume 1: Fundamentals (5th {CD} Edition)},
    PUBLISHER = PH,
         YEAR = 2000
}

@INPROCEEDINGS{hucka:2000,
       AUTHOR = {M. Hucka and D. Beeman and K. Shankar and S. Emardson and
                  J.~M. Bower},
        TITLE = {The {M}odeler's {W}orkspace: A Tool for Computational Neuroscientists},
    BOOKTITLE = {Society for Neuroscience Abstracts},
         YEAR = 2000,
 ORGANIZATION = {Society for Neuroscience},
      ADDRESS = {Miami, Florida},
         NOTE = {21.69}
}

@MISC{hucka:2000b,
       AUTHOR = {M. Hucka},
        TITLE = {{SCHUCS}: A Notation for Describing Model Representations
                 Intended for {XML} Encoding},
 HOWPUBLISHED = {Available via the World Wide Web at
                 \url{ftp://ftp.cds.caltech.edu/pub/caltech-erato/notation/}},
         YEAR = 2000
}

@MISC{hucka:2000c,
       AUTHOR = {M. Hucka and A. Finney and H. Sauro and H. Bolouri},
        TITLE = {Preliminary High-Level Design for {BMF}, the {Biology Modeling Framework}},
 HOWPUBLISHED = {California Institute of Technology},
         YEAR = 2000
}

@MISC{hucka:2001,
       AUTHOR = {M. Hucka and A. Finney and H.~M. Sauro and H. Bolouri},
        TITLE = {{Systems Biology Markup Language} ({SBML}) {L}evel 1: Structures
                  and Facilities for Basic Model Definitions},
 HOWPUBLISHED = {Available via the World Wide Web at
                 \url{http://www.cds.caltech.edu/erato}},
         YEAR = 2001
}

@MISC{hucka:2001b,
       AUTHOR = {M. Hucka and A. Finney and H.~M. Sauro and H. Bolouri},
        TITLE = {Introduction to the {Systems Biology Workbench}},
 HOWPUBLISHED = {Available via the World Wide Web at
                 \url{http://www.cds.caltech.edu/erato/sbw/docs/intro}},
         YEAR = 2001
}

@MISC{hucka:2001c,
       AUTHOR = {M. Hucka and A. Finney and H.~M. Sauro and H. Bolouri},
        TITLE = {A Comparison of Two Alternative Message-Passing
                 Approaches for {SBW}},
 HOWPUBLISHED = {Available via the World Wide Web at
                 \url{http://www.cds.caltech.edu/erato/sbw/docs/xml-rpc-comparison/}},
         YEAR = 2001
}

@INCOLLECTION{hucka:2001d,
       AUTHOR = {Michael Hucka and Herbert~M. Sauro and Andrew Finney and
                 Hamid Bolouri and John Doyle and Hiroaki Kitano},
        TITLE = {The {ERATO} {S}ystems {B}iology {W}orkbench: An Integrated Environment
                 for Multiscale and Multitheoretic Simulations in Systems Biology},
    BOOKTITLE = {Foundations of Systems Biology},
       EDITOR = {H. Kitano},
    PUBLISHER = MITP,
      CHAPTER = {6},
         YEAR = 2001
}

@MISC{hucka:2001e,
       AUTHOR = {Michael Hucka and Andrew Finney},
        TITLE = {Source Code for {XML-RPC} versus {SBW-RPC} Comparison},
 HOWPUBLISHED = {Available via the World Wide Web at
                 \url{ftp://ftp.cds.caltech.edu/pub/caltech-erato/message-comparison}},
         YEAR = 2001
}

@INPROCEEDINGS{hucka:2001f,
       AUTHOR = {Michael Hucka and Andrew Finney and Herbert~M. Sauro and
                 Hamid Bolouri and John~C. Doyle and Hiroaki Kitano},
        TITLE = {The {ERATO} {S}ystems {B}iology {W}orkbench: Architectural Evolution},
    BOOKTITLE = {Proceedings of the Second International Conference on Systems Biology},
        PAGES = {352--361},
         YEAR = 2001,
       EDITOR = {Tau-Mu Yi and Michael Hucka and Mineo Morohashi and Hiroaki Kitano},
    PUBLISHER = {Omnipress, Inc.}
}

@MISC{hucka:2001g,
       AUTHOR = {M. Hucka and A. Finney and H.~M. Sauro and H. Bolouri},
        TITLE = {{Systems Biology Markup Language} ({SBML}) {L}evel 1: Structures
                  and Facilities for Basic Model Definitions},
 HOWPUBLISHED = {Available via the World Wide Web at
                 \url{http://www.sbml.org/}},
         YEAR = 2001
}

@INPROCEEDINGS{hucka:2002,
       AUTHOR = {Michael Hucka and Andrew Finney and Herbert~M. Sauro and
                 Hamid Bolouri and John~C. Doyle and Hiroaki Kitano},
        TITLE = {The {ERATO} {S}ystems {B}iology {W}orkbench: Enabling Interaction and
                 Exchange Between Software Tools for Computational Biology},
    BOOKTITLE = {Pacific Symposium on Biocomputing 2002},
         YEAR = 2002,
       EDITOR = {Russ~B. Altman and A.~Keith Dunker and Lawrence~Hunker and Kevin
                 Lauderdale and Teri~E. Klein},
    PUBLISHER = {World Scientific Press}
}

@MISC{hucka:2002b,
       AUTHOR = {Michael Hucka and Andrew Finney and Herbert~M. Sauro and Hamid Bolouri},
        TITLE = {Systems {B}iology {W}orkbench {Java}\textsuperscript{\tiny{\texttrademark}} Programmer's Manual},
 HOWPUBLISHED = {Available via the World Wide Web at
                 \url{http://www.cds.caltech.edu/erato/sbw/docs}},
         YEAR = 2002
}

@MISC{hucka:2002c,
       AUTHOR = {Michael Hucka and Andrew Finney},
        TITLE = {The {SBW-CORBA G}ateway},
         YEAR = 2002
}

@MISC{hudson:1999,
       AUTHOR = {Scott~E. Hudson and Frank Flannery and C.~Scott Ananian},
        TITLE = {{CUP} Parser Generator for {Java}},
 HOWPUBLISHED = {Available via the World Wide Web at
                 \url{http://www.cs.princeton.edu/~appel/modern/java/CUP/}.},
         YEAR = 1999
}

@BOOK{hughes:1999,
       AUTHOR = {Merlin Hughes and Michael Shoffner and Derek Hamner},
        TITLE = {Java Network Programming},
    PUBLISHER = {Manning Publications Co.},
         YEAR = 1999
}
