@MISC{janssen:1999,
       AUTHOR = {Bill Janssen and Mike Spreitzer and Dan Larner and Chris Jacobi},
        TITLE = {{ILU} 2.0beta1 Reference Manual},
 HOWPUBLISHED = {Available via the World Wide Web at
                 \url{ftp://ftp.parc.xerox.com/pub/ilu/ilu.html}},
         YEAR = 1999
}
