@BOOK{kitano:2001,
       AUTHOR = {Hiroaki Kitano},
	TITLE = {Foundations of {S}ystems {B}iology},
    PUBLISHER = MITP,
	 YEAR = {2001}
}

@BOOK{kitano:2001b,
       EDITOR = {Hiroaki Kitano},
	TITLE = {Systems {B}iology},
    PUBLISHER = {Shujunsha},
	 YEAR = {2001}
}

@ARTICLE{kitano:2002,
       AUTHOR = {Hiroaki Kitano},
        TITLE = {Systems Biology: A Brief Overview},
      JOURNAL = SCI,
         YEAR = 2002,
       VOLUME = 295,
       NUMBER = 5560,
        PAGES = {1662--1664},
        MONTH = mar
}
