@TECHREPORT{lee:1998,
       AUTHOR = {Edward~A. Lee},
        TITLE = {Overview of the {Ptolemy} Project},
  INSTITUTION = {University of California, Berkeley},
         YEAR = {1998},
         TYPE = {ERL Technical Report},
       NUMBER = {UCB/ERL No. M98/71},
         NOTE = {Available via the World Wide Web at
                  \url{http://ptolemy.eecs.berkeley.edu/publications/papers/98/Overview/}},
}

@ARTICLE{lenovere:2001,
       AUTHOR = {Nicolas {Le Nov\`{e}re} and Thomas~S. Shimizu},
        TITLE = {{StochSim}: Modelling of Stochastic Biomolecular Processes},
      JOURNAL = BI,
         YEAR = 2001,
       VOLUME = 17,
        PAGES = {575--576}
}


@BOOK{liang:1999,
       AUTHOR = {Sheng Liang},
	TITLE = {The {Java} {Native} {Interface}, Programmer's guide and Specification},
    PUBLISHER = {Sun Microsystems},
	 YEAR = 1999
}
