@BOOK{matlab:1998,
       AUTHOR = {The MathWorks},
	TITLE = {Using \textsc{Matlab}},
       SERIES = {\textsc{Matlab}: The Language of Technical Computing},
    PUBLISHER = {The MathWorks, Inc.},
	 YEAR = 1998,
      ADDRESS =	{Natik, MA},
     LOCATION =	P
}

@ARTICLE{mcadams:1997,
       AUTHOR = {H. McAdams and A. Arkin},
        TITLE = {Stochastic mechanisms in gene expression},
      JOURNAL = PNAS,
         YEAR = 1997,
       VOLUME = 94,
        PAGES = {814--819}
}

@BOOK{mclaughlin:2000,
       AUTHOR = {Brett McLaughlin},
        TITLE = {Java and {XML}},
    PUBLISHER = OREILLY,
         YEAR = 2000
}

@ARTICLE{mendes:1997,
       AUTHOR = {P. Mendes},
        TITLE = {Biochemistry by Numbers: Simulation of Biochemical
                  Pathways with {G}epasi~3},
      JOURNAL = TIBS,
         YEAR = 1997,
       VOLUME = 22,
        PAGES = {361--363}
}

@MISC{mendes:2001,
       AUTHOR = {P. Mendes},
        TITLE = {Gepasi 3.21},
 HOWPUBLISHED = {Available via the World Wide Web at
                 \url{http://www.gepasi.org}},
         YEAR = 2001
}

@MISC{microstar:1998,
       AUTHOR = {{Microstar Software Ltd.}},
        TITLE = {{\AE}lfred version 1.1},
 HOWPUBLISHED = {Available via the World Wide Web at
                 \url{http://www.microstar.com/XML/}},
         YEAR = 1998
}

@MISC{mindelectric:2001,
       AUTHOR = {{The Mind Electric}},
        TITLE = {The {GLUE} Platform},
 HOWPUBLISHED = {Available via the World Wide Web at
                 \url{http://www.themindelectric.com/products/glue/glue.html}},
         YEAR = 2001
}

@INCOLLECTION{morohashi:2001,
       AUTHOR = {Mineo Morohashi and Michael Hucka and Herbert~M. Sauro and 
                 Andrew Finney and Hamid Bolouri and John~C. Doyle and 
                 Hiroaki Kitano},
        TITLE = {Systems {B}iology {W}orkbench},
    BOOKTITLE = {Development of Systems Biology},
       EDITOR = {Hiroaki Kitano},
    PUBLISHER = {Sprinter-Verlag Tokyo},
        PAGES = {25--36},
      CHAPTER = {1}
}

@ARTICLE{morton-firth:1998,
       AUTHOR = {C.~J. Morton-Firth and D. Bray},
        TITLE = {Predicting Temporal Fluctuations in an Intracellular
                 Signalling Pathway},
      JOURNAL = JTB,
         YEAR = 1998,
       VOLUME = 192,
        PAGES = {117-128}
}

@BOOK{musser:1996,
       AUTHOR = {D R Musser and A Saini},
        TITLE = {{STL} Tutorial and Reference Guide},
    PUBLISHER = {Addison Wesley},
         YEAR = 1996
}
