@ARTICLE{naur:1960,
       AUTHOR = {P. Naur},
        TITLE = {Revised Report on the Algorithmic Language {ALGOL} 60},
      JOURNAL = CACM,
         YEAR = 1960,
       VOLUME = 3,
       NUMBER = 5,
        PAGES = {299--314}
}
