@BOOK{oestereich:1999,
       AUTHOR = {B. Oestereich},
    TITLE = {Developing Software with {UML}: Object-Oriented Analysis and
                  Design in Practice},
    PUBLISHER = AW,
     YEAR = 1999
}

@MISC{OMG:2001,
       AUTHOR = {{OMG}},
        TITLE = {\emph{CORBA}},
 HOWPUBLISHED = {Specification documents available via the World Wide Web at
                 \url{http://www.omg.org}},
         YEAR = 2001
}

@MISC{openorb:2002,
        AUTHOR = {OpenORB},
         TITLE = {{The Community OpenORB} Version 1.3.0},
  HOWPUBLISHED = {Available via the World Wide Web at \url{http://openorb.sourceforge.net/}},
          YEAR = 2002
}

@MISC{openxml:2001,
       AUTHOR = {OpenXML.org},
        TITLE = {{OpenXML} Version 1.2},
 HOWPUBLISHED = {Available via the World Wide Web at
                 \url{http://www.openxml.org}},
         YEAR = 2001
}


@BOOK{oram:2001,
       AUTHOR = {A. Oram},
    TITLE = {Peer to Peer: Harnessing the Power of Disruptive Technologies},
    PUBLISHER = OREILLY,
     YEAR = 2001
}

@ARTICLE{oreilly:1999,
       AUTHOR = {T. O'Reilly},
        TITLE = {Lessons from Open-Source Software Development},
      JOURNAL = CACM,
         YEAR = 1999,
       VOLUME = 42,
       NUMBER = 4,
        PAGES = {32--37}
}

@BOOK{osf:1993,
       AUTHOR = {{Open Software Foundation}},
    TITLE = {{OSF DCE} Application Development Guide},
    PUBLISHER = PH,
     YEAR = 1993
}
