@MISC{physiome:2001,
       AUTHOR = {{Physiome Sciences}, Inc.},
        TITLE = {{CellML}\textsuperscript{\tiny{\texttrademark}} Home Page},
 HOWPUBLISHED = {Available via the World Wide Web at
                 \url{http://cellml.org/}},
         YEAR = 2001
}

@MISC{popel:1998,
       AUTHOR = {A. Popel and R.~L. Winslow},
        TITLE = {A Letter From the Directors...},
 HOWPUBLISHED = {Center for Computational Medicine \& Biology, Johns
                 Hopkins School of Medicine, Johns Hopkins University.
                 Available via the World Wide Web at
                 \url{http://www.bme.jhu.edu/ccmb/ccmbletter.html}},
         YEAR = 1998
}
