@BOOK{raymond:1999,
       AUTHOR = {E.~S. Raymond},
	TITLE = {The Cathedral \& the Bazaar},
    PUBLISHER = OREILLY,
	 YEAR = 1999,
      ADDRESS =	{Sebastopol, California},
         NOTE = {This is the book form; the paper by the same name by
                 itself is available via the World Wide Web at
                 \url{http://www.tuxedo.org/~esr/writings/cathedral-bazaar/}}
}
