@INPROCEEDINGS{sato:1997,
       AUTHOR = {M. Sato and H. Nakada and S. Sekiguchi and S. Matsuoka and U. Nagashima
                 and H. Takagi},
        TITLE = {Ninf: A Network based Information Library for a Global World-Wide Computing
                 Infrastructure},
    BOOKTITLE = {Proceedings of HPCN'97 (LNCS-1225)},
        PAGES = {491--502},
         YEAR = 1997
}

@ARTICLE{sauro:1991,
       AUTHOR = {H.~M. Sauro and D.~A. Fell},
        TITLE = {{SCAMP}: A Metabolic Simulator and Control Analysis Program},
      JOURNAL = {Mathl. Comput. Modelling},
         YEAR = 1991,
       VOLUME = 15,
        PAGES = {15--28}
}

@INCOLLECTION{sauro:2000,
       AUTHOR = {H.~M. Sauro},
        TITLE = {Jarnac: A System for Interactive Metabolic Analysis},
    BOOKTITLE = {Animating the Cellular Map: Proceedings of the 
                 9th International Meeting on {BioThermoKinetics}},
       EDITOR = {J-H.~S. Hofmeyr and J.~M. Rohwer and J.~L. Snoep},
         YEAR = 2000,
    PUBLISHER = {Stellenbosch University Press},
         ISBN = {ISBN 0-7972-0776-7}
}

@MISC{sauro:2001,
       AUTHOR = {H.~M. Sauro and M. Hucka and A. Finney and H. Bolouri},
        TITLE = {The {Systems Biology Workbench} Concept Demonstrator: 
                 Design and Implementation},
 HOWPUBLISHED = {Available via the World Wide Web at
                 \url{http://www.cds.caltech.edu/erato/sbw/docs/detailed-design/}},
         YEAR = 2001
}

@MISC{sauro:2001b,
       AUTHOR = {Herbert~S. Sauro},
        TITLE = {{JDesigner}: A simple biochemical network designer},
 HOWPUBLISHED = {Available via the World Wide Web at
                 \url{http://members.tripod.co.uk/sauro/biotech.htm}},
         YEAR = 2001
}

@MISC{sauro:2002,
       AUTHOR = {Herbert~M. Sauro and Michael Hucka and Andrew Finney and Hamid Bolouri},
        TITLE = {Systems {B}iology {W}orkbench {Delphi/Kylix} Programmer's Manual},
 HOWPUBLISHED = {Available via the World Wide Web at
                 \url{http://www.cds.caltech.edu/erato/sbw/docs}},
         YEAR = 2002
}

@BOOK{savageau:1976,
       AUTHOR = {Michael~A. Savageau},
        TITLE = {Biochemical systems analysis: A study of 
                 function and design in molecular biology}, 
    PUBLISHER = AW,
	 YEAR = 1976,
      ADDRESS =	{Reading, Mass.}
}

@ARTICLE{savageau:1998,
       AUTHOR = {Michael~A. Savageau},
        TITLE = {Demand theory of gene regulation. {II}. Quantitative
                 application to the lactose and maltose operons of
                 {E}scherichia coli},
      JOURNAL = GEN,
         YEAR = 1998,
       VOLUME = 149,
       NUMBER = 4,
        PAGES = {1677--1691},
        MONTH = aug
}

@MISC{sbw:2001,
       AUTHOR = {{The SBW Development Group}},
        TITLE = {The {ERATO} {Systems Biology Workbench}},
 HOWPUBLISHED = {Available via the World Wide Web at
                 \url{http://www.cds.caltech.edu/erato/}},
         YEAR = 2001
}


@MISC{schaff:2001,
       AUTHOR = {J. Schaff and B. Slepchenko and F. Morgan and J. Wagner
                 and D. Resasco and D. Shin and Y.~S. Choi and L. Loew and J. Carson
                 and A. Cowan and I. Moraru and J. Watras and M. Teraski
                 and C. Fink},
        TITLE = {{Virtual Cell}},
 HOWPUBLISHED = {Available via the World Wide Web at
                 \url{http://www.nrcam.uchc.edu}},
         YEAR = 2001
}

@INCOLLECTION{schaff:2000,
       AUTHOR = {J. Schaff and B. Slepchenko and L.~M. Loew},
        TITLE = {Physiological modeling with the {Virtual Cell} framework},
    BOOKTITLE = {Methods in Enzymology},
         YEAR = 2000,
    PUBLISHER = AP,
       EDITOR = {M. Johnson and L. Brand},
       VOLUME = 321,
        PAGES = {1--23},
      ADDRESS = {San Diego}
}

@ARTICLE{schuster:2000,
       AUTHOR = {Stefan Schuster and David~A. Fell and Thomas Dandekar},
        TITLE = {A general definition of metabolic pathways useful for 
                 systematic organization and analysis of complex 
                 metabolic networks},
      JOURNAL = NATB,
         YEAR = 2000,
       VOLUME = 18,
       NUMBER = 3,
        PAGES = {326--332},
        MONTH = mar
}

@ARTICLE{seetharaman:1998,
       AUTHOR = {K. Seetharaman},
        TITLE = {The {CORBA} Connection},
      JOURNAL = CACM,
         YEAR = 1998,
       VOLUME = 41,
       NUMBER = 10,
        PAGES = {34--36}
}

@BOOK{segel:1993,
       AUTHOR = {I.~H. Segel},
	TITLE = {Enzyme Kinetics},
    PUBLISHER = {Wiley Classics Library},
	 YEAR = 1993
}

@INPROCEEDINGS{shapiro:2000,
       AUTHOR = {B. Shapiro and A. Levchenko and E. Mjolsness},
        TITLE = {Cellerator: A Computational Technique for Automatic Model
                  Generation of Signal Transduction Pathways},
    BOOKTITLE = {Smart Systems 2000},
         YEAR = 2000,
    PUBLISHER = {The Institute for Advanced Interdisciplinary Research, The
                  Atlas Building, 16821 Buccaneer Lane, Suite 206, 
                  Houston, TX 77058, USA}
}

@INCOLLECTION{shapiro:2001,
       AUTHOR = {Bruce~E. Shapiro and Andre Levchenko and Eric Mjolsness},
        TITLE = {Automatic Model Generation for Signal Transduction with
                 Applications to {MAP}-Kinase Pathways},
    BOOKTITLE = {Foundations of Systems Biology},
       EDITOR = {Hiroaki Kitano},
        PAGES = {145--161},
         YEAR = 2001,
      CHAPTER = {7},
    PUBLISHER = {MIT Press}
}

@INPROCEEDINGS{shapiro:2001b,
       AUTHOR = {Bruce~E. Shapiro and Eric~D. Mjolsness},
        TITLE = {Developmental Simulations with {Cellerator}},
    BOOKTITLE = {The Proceedings of the Second International Conference on
                 Systems Biology (ICSB2001)},
         YEAR = 2001,
       EDITOR = {Tau-Mu Yi and Michael Hucka and Mineo Morohashi and Hiroaki Kitano},
    PUBLISHER = {Omnipress, Inc.}
}

@ARTICLE{siepel:2001,
       AUTHOR = {A. Siepel and A. Farmer and A. Tolopko and M. Zhuang
                 and P. Mendes and W. Beavis and B. Sobral},
        TITLE = {{ISYS}: A decentralized, component-based approach to
                  the integration of heterogeneous bioinformatics resources},
      JOURNAL = {Bioinformatics},
         YEAR = 2001,
       VOLUME = 17,
       NUMBER = 1,
        PAGES = {83--94}
}

@BOOK{skonnard:2001,
       AUTHOR = {Aaron Skonnard and Martin Gudgin},
	TITLE = {Essential {XML} Quick Reference: A Programmer's Reference
                 to {XML}, {XPath}, {XSLT}, {XML Schema}, {SOAP}, and More},
    PUBLISHER = AW,
	 YEAR = 2001
}

@ARTICLE{smaglik:2000,
       AUTHOR = {P. Smaglik},
        TITLE = {For My Next Trick...},
      JOURNAL = NAT,
         YEAR = 2000,
       VOLUME = 407,
        PAGES = {828--829}
}

@ARTICLE{smaglik:2000b,
       AUTHOR = {P. Smaglik},
        TITLE = {{US} Grant Glues 'Virtual Cell' Together},
      JOURNAL = NAT,
         YEAR = 2000,
       NUMBER = 6806,
       VOLUME = 407,
        PAGES = {819}
}

@BOOK{steflik:2000,
       AUTHOR = {Dick Steflik and Prashant Sridharan},
	TITLE = {Advanced {J}ava Networking},
    PUBLISHER = PH,
	 YEAR = 2000
}

@INPROCEEDINGS{stelling:2000,
       AUTHOR = {J. Stelling and A. Kremling and E.~D. Gilles},
        TITLE = {Towards a Virtual Biological Laboratory},
    BOOKTITLE = ICSB2000,
        PAGES = {29--38},
         YEAR = 2000
}

@ARTICLE{stevens:2000,
       AUTHOR = {R. Stevens and C. Miller},
        TITLE = {Wrapping and Interoperating Bioinformatics Resources using {CORBA}},
      JOURNAL = {Briefings in Bioinformatics},
         YEAR = 2000,
       VOLUME = 1,
       NUMBER = 1,
        PAGES = {9--21}
}

@TECHREPORT{sun:1987,
       AUTHOR = {{Sun Microsystems}},
        TITLE = {{XDR}: External Data Representation Standard ({RFC} 1014)},
  INSTITUTION = {Sun Microsystems, Inc.},
         TYPE = {Internet Request for Comments},
       NUMBER = 1014,
         NOTE = {Available via the World Wide Web at
                 \url{http://www.faqs.org/rfcs/rfc1014.html}},
         YEAR = 1987
}

@techreport{sun:1998,
       AUTHOR = {{Sun Microsystems}},
	TITLE = {Java\textsuperscript{\tiny{\texttrademark}} Object Serialization 
                 Specification},
    PUBLISHER = {Sun Microsystems, Inc.},
  INSTITUTION = {Sun Microsystems, Inc.},
	 YEAR = 1998,
         NOTE = {Available via the World Wide Web at
                 \url{http://java.sun.com/products/jdk/1.2/docs/guide/serialization/}},
}

@MISC{sun:2001,
       AUTHOR = {{Sun Microsystems}},
        TITLE = {Java {D}evelopment {K}it 1.3},
 HOWPUBLISHED = {Available via the World Wide Web at
                 \url{http://java.sun.com/j2se/1.3/}},
         YEAR = 2001
}

@MISC{sun:2001b,
       AUTHOR = {{Sun Microsystems}},
        TITLE = {{RMI} over {IIOP}},
 HOWPUBLISHED = {Available via the World Wide Web at
                 \url{http://java.sun.com/products/rmi-iiop/}},
         YEAR = 2001
}

@BOOK{sweet:2001,
       AUTHOR = {David Sweet},
	TITLE = {{KDE} 2.0 Development},
    PUBLISHER = {Sams},
	 YEAR = 2001
}
