@string{AA            = "Ann Arbor, {MI}"}
@string{AAAI80        = "Proceedings of the National Conference on Artificial Intelligence"}
@string{AAAI82        = "Proceedings of the Second National Conference on Artificial Intelligence"}
@string{AAAI83        = "Proceedings of the Third National Conference on Artificial Intelligence"}
@string{AAAI84        = "Proceedings of the Fourth National Conference on Artificial Intelligence"}
@string{AAAI86        = "Proceedings of the Fifth National Conference on Artificial Intelligence"}
@string{AAAI87        = "Proceedings of the Sixth National Conference on Artificial Intelligence"}
@string{AAAI88        = "Proceedings of the Seventh National Conference on Artificial Intelligence"}
@string{AAAI90        = "Proceedings of the Eighth National Conference on Artificial Intelligence"}
@string{AAAI91        = "Proceedings of the Ninth National Conference on Artificial Intelligence"}
@string{AAAI92        = "Proceedings of the Tenth National Conference on Artificial Intelligence"}
@string{AAAI93        = "Proceedings of the Eleventh National Conference on Artificial Intelligence"}
@string{AAAI94        = "Proceedings of the Twelfth National Conference on Artificial Intelligence"}
@string{ABLEX         = "Ablex Publishing Corporation"}
@string{ACM           = "{ACM}"}
@string{ACMAC         = "Proceedings of the ACM Annual Conf."}
@string{ACMCS         = "{ACM} Computing Surveys"}
@string{ACMP          = "{ACM} Press"}
@string{ACMSPDC       = "Proceedings of the {ACM} Symposium on Principles of Distributed Computing"}
@string{ACMSPPL       = "Proceedings of the {ACM} Symposium on Principles of Programming Languages"}
@string{ACMTCS        = "{ACM} Transactions on Computer Systems"}
@string{ACMTDS        = "{ACM} Transactions on Database Systems"}
@string{ACMTG         = "{ACM} Transactions on Graphics"}
@string{ACMTMS        = "{ACM} Transactions on Mathematical Software"}
@string{ACMTOIS       = "{ACM} Transactions on Office Information Systems"}
@string{ACMTPLS       = "{ACM} Transactions on Programming Languages and Systems"}
@string{ACTAM         = "Acta Mathematica"}
@string{ACTAP         = "Acta Psychologia"}
@string{AE            = "American Elsevier"}
@string{AI            = "Artificial Intelligence"}
@string{AIL           = "Artificial Intelligence Laboratory"}
@string{AIM           = "{AI} Magazine"}
@string{AJP	      = "The American Journal of Psychology"}
@string{AMS           = "American Mathematics Society"}
@string{ANYAS         = "Annals of the New York Academy of Sciences"}
@string{AP            = "Academic Press"}
@string{APSYCH        = "American Psychologist"}
@string{ARN           = "Annual Review of Neuroscience"}
@string{ARP           = "Annual Review of Psychology"}
@string{ASME          = "American Society of Mechanical Engineers"}
@string{ATTBELL       = "{AT\&T} Bell Laboratories"}
@string{ATTTJ         = "{AT\&T} Technical Journal"}
@string{AW            = "Addison-Wesley Publishing Company"}
@string{BBS           = "Behavioral and Brain Sciences"}
@string{BC            = "Biological Cybernetics"}
@string{BI            = "Bioinformatics"}
@string{BIRK          = "Birkh{\"a}user"}
@string{BJ            = "Biophysical Journal"}
@string{BOSTON        = "Boston, {MA}"}
@string{BR            = "Brain Research"}
@string{BRJP          = "British Journal of Psychology"}
@string{BRJPO         = "British Journal of Physiological Optics"}
@string{BSTJ          = "Bell System Technical Journal"}
@string{BU            = "Brown University"}
@string{CACM          = "Communications of the {ACM}"}
@string{CAIA          = "Conference on Artificial Intelligence Applications"}
@string{CALTECH       = "California Institute of Technology"}
@string{CALTECHCNS    = "California Institute of Technology Computation and Neural Systems Program"}
@string{CAM           = "Cambridge"}
@string{CAMMA         = "Cambridge, {MA}"}
@string{CAR           = "Center for Automation Research, University of Maryland"}
@string{CB            = "Current Biology"}
@string{CBM           = "Computers in Biology and Medicine"}
@string{CC            = "Cerebral Cortex"}
@string{CDPS          = "Current Directions in Psychological Science"}
@string{CGA           = "Computer Graphics and Applications"}
@string{CGIP          = "Computer Graphics and Image Processing"}
@string{CIAIA         = "Conference on Innovative Applications of {AI}"}
@string{CJEP          = "Canadian Journal of Experimental Psychology"}
@string{CJP           = "Canadian Journal of Psychology"}
@string{CLCN          = "Conference on Local Computer Networks"}
@string{CMU           = "Carnegie Mellon University, Pittsburgh, {PA}"}
@string{CMUCS         = "Department of Computer Science, Carnegie Mellon University, Pittsburgh, Pa."}
@string{CNS           = "Computer Networking Symposium"}
@string{COGSCI10      = "Proceedings of the 10th Annual Meeting of the Cognitive Science Society"}
@string{COGSCI13      = "Proceedings of the 13th Annual Meeting of the Cognitive Science Society"}
@string{COGSCI15      = "Proceedings of the 15th Annual Meeting of the Cognitive Science Society"}
@string{COGSCI18      = "Proceedings of the 18th Annual Meeting of the Cognitive Science Society"}
@string{COIN          = "Current Opinion in Neurobiology"}
@string{COINS         = "Department of Computer and Information Science, University of Massachusetts, Amherst"}
@string{COMPCON       = "Proceedings of {COMPCON}"}
@string{COMPLANG      = "Computer Languages"}
@string{COMPSAC12     = "Proceedings of the 12th International Computer Software and Applications Conf."}
@string{COMPSAC13     = "Proceedings of the 13th International Computer Software and Applications Conf."}
@string{COMPSAC9      = "Proceedings of the 9th International Computer Software and Applications Conf."}
@string{COMPUTER      = "{IEEE} Computer"}
@string{CONSCI        = "Connection Science"}
@string{CP            = "Cognitive Psychology"}
@string{CPRIP         = "Proceedings of the Conference on Pattern Recognition and Image Processing"}
@string{CRC           = "{CRC} Press"}
@string{CRIM          = "Center for Research in Integrated Manufacturing"}
@string{CS            = "Cognitive Science"}
@string{CSCW          = "Proceedings of the Conference on Computer Supported Cooperative Work"}
@string{CSDL          = "Charles Stark Draper Laboratory"}
@string{CSH           = "Cold Spring Harbor Symposia on Quantitative Biology"}
@string{CUP           = "Cambridge University Press"}
@string{CVGIP         = "Computer Vision, Graphics and Image Processing"}
@string{CVIU          = "Computer Vision and Image Understanding"}
@string{CVL           = "Computer Vision Laboratory, University of Maryland"}
@string{CVPR          = "Proceedings of the Conference on Computer Vision and Pattern Recognition"}
@string{CVRL          = "Computer Vision Research Laboratory"}
@string{DAC           = "Design Automation Conference"}
@string{DCS           = "Proceedings of the International Conference on Distributed Computing Systems"}
@string{DP            = "Development Psychology"}
@string{EBR           = "Experimental Brain Research"}
@string{ECCV92        = "{C}omputer {V}ision---{ECCV} '92: {S}econd {E}uropean Conference on Computer Vision, {S}anta {M}argherita {L}igure, {I}taly"}
@string{ECCV94        = "{C}omputer {V}ision---{ECCV} '94: {T}hird {E}uropean Conference on Computer Vision, {S}tockholm, {S}weden"}
@string{EDBT2000      = "EDBT 2000: 7th International Conference on Extending Database Technology"}
@string{EDRC          = "Engineering Design Research Center, Carnegie Mellon University"}
@string{EECS          = "Department of Electrical Engineering and Computer Science"}
@string{EEGCN         = "Electroencephalography and Clinical Neurophysiology"}
@string{EJN           = "European Journal of Neuroscience"}
@string{ENGLEWOOD     = "Englewood Cliffs, New Jersey"}
@string{ENH           = "Elsevier North-Holland"}
@string{EOAI          = "Encyclopedia of Artificial Intelligence"}
@string{EOAI2         = "Encyclopedia of Artificial Intelligence, 2nd ed."}
@string{ESP           = "Elsevier Science Publishers B.V.\ (North-Holland)"}
@string{FAL           = "Fall"}
@string{FTCS          = "Proceedings of the International Symposium on Fault-Tolerant Computing"}
@string{GAAS          = "Proceedings of the Gallium Arsenide {IC} Symposium"}
@string{GEN           = "Genetics"}
@string{GMR           = "General {M}otors {R}esearch {L}aboratories"}
@string{HBJ           = "Harcourt Brace Jovanovich"}
@string{HNJ           = "Hillsdale, {NJ}"}
@string{HPCN95        = "Proceedings of the International Conference and Exhibition on High-Performance Computing and Networking, {HPCN} {E}urope '95"}
@string{HPS           = "High Performance Systems"}
@string{HRL           = "Harvard Robotics Laboratory"}
@string{HRW           = "Holt, Rinehart and Winston"}
@string{HU            = "Harvard University, Boston, Massachusetts"}
@string{HUP           = "Harvard University Press"}
@string{IBMJRD        = "{IBM} Journal of Research and Development"}
@string{IBMSJ         = "{IBM} Systems Journal"}
@string{ICAD          = "Proceedings of the International Conference on Automated Deduction"}
---------------------------------------------------------------------------
@string{ICCAD         = "{IEEE} International Conference on Computer-Aided-Design"}
@string{ICCD          = "{IEEE} International Conference on Computer Design: {VLSI} in Computers"}
@string{ICCL          = "International Conference on Computer Languages"}
@string{ICCV          = "Proceedings of the International Conference on Computer Vision"}
@string{ICCV1         = "Proceedings of the First International Conference on Computer Vision"}
@string{ICCV2         = "Proceedings of the Second International Conference on Computer Vision"}
@string{ICCV3         = "Proceedings of the Third International Conference on Computer Vision"}
@string{ICCV4         = "Proceedings of the Fourth International Conference on Computer Vision"}
@string{ICCV5         = "Proceedings of the Fifth International Conference on Computer Vision"}
@string{ICDCS10       = "Proceedings of the 10th International Conference on Distributed Computer Systems"}
@string{ICDCS11       = "Proceedings of the 11th International Conference on Distributed Computer Systems"}
@string{ICDCS12       = "Proceedings of the 12th International Conference on Distributed Computer Systems"}
@string{ICDCS5        = "Proceedings of the 5th International Conference on Distributed Computer Systems"}
@string{ICDCS6        = "Proceedings of the 6th International Conference on Distributed Computer Systems"}
@string{ICDCS7        = "Proceedings of the 7th International Conference on Distributed Computer Systems"}
@string{ICDCS8        = "Proceedings of the 8th International Conference on Distributed Computer Systems"}
@string{ICDCS9        = "Proceedings of the 9th International Conference on Distributed Computer Systems"}
@string{ICED          = "International Conference on Engineering Design"}
@string{ICIP          = "Proceedings of the International Conference on Image Processing"}
@string{ICNN          = "Proceedings of the International Conference on Neural Networks"}
@string{ICPP          = "International Conference on Parallel Processing"}
@string{ICPP88V3      = "Proceedings of the International Conference on Parallel Processing, Vol.\ {III}"}
@string{ICPR          = "International Conference on Pattern Recognition"}
@string{ICPR7         = "Seventh International Conference on Pattern Recognition"}
@string{ICSB2000      = "Proceedings of the First International Conference on Systems Biology"}
@string{ICSE          = "Proceedings of the {IEEE} International Conference on Software Engineering"}
@string{ICSI          = "International Computer Science Institute, Berkeley"}
@string{IEEE          = "{IEEE}"}
@string{IEEEC         = "{IEEE} Communication"}
@string{IEEECASSP     = "Proceedings of the {IEEE} Conference on Acoustics, Speech, and Signal Processing"}
@string{IEEECRA       = "Proceedings of the {IEEE} International Conference on Robotics and Automation"}
@string{IEEECS        = "{IEEE} Computer Society"}
@string{IEEECSP       = "{IEEE} Computer Society Press"}
@string{IEEEDAT       = "{IEEE} Design and Test"}
@string{IEEEGTC       = "{IEEE} Global Telecommunications Conference"}
@string{IEEEI         = "{IEEE} {INFOCOM}"}
@string{IEEEICC       = "{IEEE} International Conference on Communications"}
@string{IEEEICSAC     = "{IEEE} International Computer Software \& Applications Conf."}
@string{IEEEISCV      = "{IEEE} International Symposium on Computer Vision, {M}iami, {F}lorida"}
@string{IEEEJRA       = "{IEEE} Journal of Robotics and Automation"}
@string{IEEEJSAC      = "{IEEE} Journal on Selected Areas in Communications"}
@string{IEEEJSSC      = "{IEEE} Journal of Solid-State Circuits"}
@string{IEEEMCC       = "{IEEE} Military Communications Conf."}
@string{IEEEP         = "Proceedings of the {IEEE}"}
@string{IEEES         = "{IEEE} Spectrum"}
@string{IEEESSP       = "Proceedings of the {IEEE} Symposium on Security and Privacy"}
@string{IEEETAC       = "{IEEE} Transactions on Automatic Control"}
@string{IEEETAES      = "{IEEE} Transactions on Aerospace \& Electronic Systems"}
@string{IEEETAP       = "{IEEE} Transactions on Antennas \& Propagation"}
@string{IEEETASSP     = "{IEEE} Transactions on Acoustics, Speech, and Signal Processing"}
@string{IEEETB        = "{IEEE} Transactions on Broadcasting"}
@string{IEEETBE       = "{IEEE} Transactions on Biomedical Engineering"}
@string{IEEETC        = "{IEEE} Transactions on Computers"}
@string{IEEETCAD      = "{IEEE} Transactions on Computer-Aided Design"}
@string{IEEETCE       = "{IEEE} Transactions on Consumer Electronics"}
@string{IEEETCHMT     = "{IEEE} Transactions on Components, Hybrids, \& Mfg.\ Tech."}
@string{IEEETCOM      = "{IEEE} Transactions on Communications"}
@string{IEEETCS       = "{IEEE} Transactions on Circuits and Systems"}
@string{IEEETE        = "{IEEE} Transactions on Education"}
@string{IEEETED       = "{IEEE} Transactions on Electron Devices"}
@string{IEEETEI       = "{IEEE} Transactions on Electrical Insulation"}
@string{IEEETEM       = "{IEEE} Transactions on Engineering Management"}
@string{IEEETEMC      = "{IEEE} Transactions on Electromagnetic Compatibility"}
@string{IEEETGRS      = "{IEEE} Transactions on Geoscience \& Remote Sensing"}
@string{IEEETIA       = "{IEEE} Transactions on Industry Applications"}
@string{IEEETIE       = "{IEEE} Transactions on Industrial Electronics"}
@string{IEEETIM       = "{IEEE} Transactions on Instrumentation \& Measurement"}
@string{IEEETIP       = "{IEEE} Transactions on Image Processing"}
@string{IEEETIT       = "{IEEE} Transactions on Information Theory"}
@string{IEEETKDE      = "{IEEE} Transactions on Knowledge and Data Engineering"}
@string{IEEETM        = "{IEEE} Transactions on Magnetics"}
@string{IEEETMI       = "{IEEE} Transactions on Medical Imaging"}
@string{IEEETMTT      = "{IEEE} Transactions on Microwave Theory \& Techniques"}
@string{IEEETNN       = "{IEEE} Transactions on Neural Networks"}
@string{IEEETNS       = "{IEEE} Transactions on Nuclear Science"}
@string{IEEETOE       = "{IEEE} Transactions on Oceanic Engineering"}
@string{IEEETPAMI     = "{IEEE} Transactions on Pattern Analysis and Machine Intelligence"}
@string{IEEETPC       = "{IEEE} Transactions on Professional Communication"}
@string{IEEETPDS      = "{IEEE} Transactions on Parallel and Distributed Systems"}
@string{IEEETPE       = "{IEEE} Transactions on Power Electronics"}
@string{IEEETPS       = "{IEEE} Transactions on Plasma Science"}
@string{IEEETR        = "{IEEE} Transactions on Reliability"}
@string{IEEETRA       = "{IEEE} Transactions on Robotics and Automation"}
@string{IEEETSE       = "{IEEE} Transactions on Software Engineering"}
@string{IEEETSMC      = "{IEEE} Transactions on Systems, Man, and Cybernetics"}
@string{IEEETSP       = "{IEEE} Transactions on Signal Processing"}
@string{IEEETUFFC     = "{IEEE} Transactions on Ultrasonics, Ferroelectrics \& Frequency Control"}
@string{IEEETVT       = "{IEEE} Transactions on Vehicular Technology"}
@string{IFAC12        = "Proceedings of the 12th {IFAC}/{IFIP} Workshop on Real-Time Programming"}
@string{IJCAI         = "Proceedings of the International Joint Conference on Artificial Intelligence"}
@string{IJCNN90       = "Proceedings of the International Joint Conference on Neural Networks, San Diego, Calif."}
@string{IJCPR         = "Proceedings of the International Joint Conference on Pattern Recognition"}
@string{IJCV          = "International Journal of Computer Vision"}
@string{IJMMS         = "International Journal of Man-Machine Studies"}
@string{IJRR          = "International Journal of Robotics Research"}
@string{IMLW          = "Proceedings of the International Machine Learning Workshop"}
@string{INAR          = "Reprinted in \protect\cite{anderson:88}"}
@string{INI           = "Institut f{\"u}r Neuroinformatik"}
@string{IOVS          = "Investigative Ophthalmology and Visual Science"}
@string{IPL           = "Information Processing Letters"}
@string{ISA           = "Proceedings of the Workshop on Robotics and Expert Systems"}
@string{ISCA          = "Proceedings of the International Symposium on Computer Architecture"}
@string{ITC           = "International Test Conference Proceedings"}
@string{IUW           = "Proceedings of the {DARPA} Image Understanding Workshop"}
@string{JACC          = "Joint Automatic Control Conference"}
@string{JACM          = "Journal of the {ACM}"}
@string{JAS           = "Journal of Applied Statistics"}
@string{JASA          = "Journal of the American Statistical Association"}
@string{JCAT          = "Journal of Computer Assisted Tomography"}
@string{JCOGNEURO     = "Journal of Cognitive Neuroscience"}
@string{JCN	      = "Journal of Comparative Neurology"}
@string{JCSS          = "Journal of Computer and System Sciences"}
@string{JECP          = "Journal of Experimental Child Psychology"}
@string{JENVPSYCH     = "Journal of Environmental Psychology"}
@string{JEP           = "Journal of Experimental Psychology"}
@string{JEPG          = "Journal of Experimental Psychology: General"}
@string{JEPHPP        = "Journal of Experimental Psychology: Human Perception and Performance"}
@string{JEPLMC        = "Journal of Experimental Psychology: Learning, Memory, and Cognition"}
@string{JGPHYSIO      = "Journal of General Physiology"}
@string{JMATHBIO      = "Journal of Mathematical Biology"}
@string{JMIV          = "Journal of Mathematical Imaging and Vision"}
@string{JMATHPHYSICS  = "Journal of Mathematical Physics"}
@string{JMM           = "Journal of Mathematics and Mechanics"}
@string{JMB           = "Journal of Molecular Biology"}
@string{JNM           = "Journal of Neuroscience Methods"}
@string{JNUCM         = "Journal of Nuclear Medicine"}
@string{JNP           = "Journal of Neurophysiology"}
@string{JNS           = "Journal of Neuroscience"}
@string{JOSA          = "Journal of the Optical Society of America"}
@string{JOSAA         = "Journal of the Optical Society of America~A"}
@string{JOSAB         = "Journal of the Optical Society of America~B"}
@string{JP            = "Journal of Physiology"}
@string{JPDC          = "Journal of Parallel Distributed Computing"}
@string{JRTS          = "Journal of Real-Time Systems"}
@string{JSL           = "Journal of Symbolic Logic"}
@string{JSP           = "Journal of Statistical Physics"}
@string{JTB           = "Journal of Theoretical Biology"}
@string{JTEAI         = "Journal of Theoretical and Experimental Artificial Intelligence"}
@string{JVCIR         = "Journal of Visual Communication and Image Representation"}
@string{KAP           = "Kluwer Academic Publishers"}
@string{KARLSRUHE     = "Karlsruhe, F.R.G."}
@string{KYB           = "Kybernetik"}
@string{LA            = "Los Angeles, Calif."}
@string{LANL          = "Los Alamos National Laboratory"}
@string{LEA           = "Lawrence Erlbaum Associates"}
@string{LON           = "London, U.K."}
@string{MB            = "Mathematical Biosciences"}
@string{MC            = "Memory \& Cognition"}
@string{MEAM          = "Department of Mechanical Engineering and Applied Mechanics"}
@string{MH            = "McGraw-Hill"}
@string{MICRO         = "{IEEE} Micro"}
@string{MIT           = "Massachusetts Institute of Technology"}
@string{MIT-AI        = "M.I.T. Artificial Intelligence Laboratory"}
@string{MIT-ML        = "M.I.T. Media Laboratory"}
@string{MITP          = "MIT Press"}
@string{MK            = "Morgan Kaufmann Publishers"}
@string{ML93          = "Machine Learning: Proceedings of the Tenth International Conference"}
@string{MPC           = "Macmillan Publishing Company"}
@string{MVA           = "Machine Vision and Applications"}
@string{NAT           = "Nature"}
@string{NATB          = "Nature Biotechnology"}
@string{NC            = "Neural Computation"}
@string{NCC           = "{AFIPS} National Computer Conference"}
@string{NCSC          = "Proceedings of the National Computer Security Conference"}
@string{NEJM          = "New England Journal of Medicine"}
@string{NETWORK       = "Network: Computation in Neural Systems"}
@string{NEURO         = "Neuroscience"}
@string{NEUROP        = "Neuropsychologia"}
@string{NH            = "North-Holland"}
@string{NIPS          = "Neural Information Processing Systems"}
@string{NIPS2         = "Advances in Neural Information Processing Systems~2"}
@string{NIPS3         = "Advances in Neural Information Processing Systems~3"}
@string{NIPS4         = "Advances in Neural Information Processing Systems~4"}
@string{NIPS5         = "Advances in Neural Information Processing Systems~5 ({NIPS}*92)"}
@string{NIPS6         = "Advances in Neural Information Processing Systems~6 ({NIPS}*93)"}
@string{NIPS7         = "Advances in Neural Information Processing Systems~7 ({NIPS}*94)"}
@string{NIPS8         = "Advances in Neural Information Processing Systems~8"}
@string{NN            = "Neural Networks"}
@string{NTC           = "National Telecommunications Conference"}
@string{NY            = "New York"}
@string{OE            = "Optical Engineering"}
@string{OOPSLA        = "Proceedings of the of {OOPSLA}"}
@string{OPO	      = "Ophthalmic and Physiological Optics"}
@string{OR            = "Operations Research"}
@string{OREILLY       = "O'Reilly \& Associates"}
@string{OSR           = "Operating Systems Review"}
@string{OUP           = "Oxford University Press"}
@string{PARC          = "Xerox Palo Alto Research Center"}
@string{PATRL         = "Pattern Recognition Letters"}
@string{PCCC          = "Phoenix Conference on Computers and Communication"}
@string{PD            = "Physica~D"}
@string{PERG          = "Pergamon Press Ltd."}
@string{PH            = "Prentice-Hall"}
@string{PHILY         = "Philadelphia, PA"}
@string{PIEEE         = "Proceedings of the {IEEE}"}
@string{PITTS         = "Pittsburgh, PA"}
@string{PLENUM        = "Plenum Press"}
@string{PMS           = "Perceptual and Motor Skills"}
@string{PNAS          = "Proceedings of the National Academy of Sciences, U.S.A."}
@string{PODC3         = "Proceedings of the 3rd Symposium on the Principles of Distributed Computing"}
@string{PODC4         = "Proceedings of the 5th Symposium on the Principles of Distributed Computing"}
@string{PODC5         = "Proceedings of the 5th Symposium on the Principles of Distributed Computing"}
@string{PODC6         = "Proceedings of the 6th Symposium on the Principles of Distributed Computing"}
@string{PP            = "Perception \& Psychophysics"}
@string{PPRESS        = "Psychology Press"}
@string{PR            = "Pattern Recognition"}
@string{PRA           = "Physical Review~A"}
@string{PRB           = "Physical Review~B"}
@string{PRL           = "Physical Review Letters"}
@string{PRS           = "Proceedings of the {R}oyal {S}ociety of {L}ondon~B"}
@string{PS            = "Psychonomic Society"}
@string{PSPIE         = "Proceedings {SPIE}"}
@string{PSYCHBUL      = "Psychological Bulletin"}
@string{PSYCHRES      = "Psychological Research"}
@string{PSYCHREV      = "Psychological Review"}
@string{PSYCHSCI      = "Psychological Science"}
@string{PTRS          = "Philosophical Transactions of the Royal Society of London"}
@string{PTRSA         = "Philosophical Transactions of the Royal Society of London~A"}
@string{PTRSB         = "Philosophical Transactions of the Royal Society of London~B"}
@string{PUUCE         = "Proceedings of the {AAAI} Spring Symposium on Planning in Uncertain, Unpredictable, or Changing Environments"}
@string{QJEP          = "Quarterly Journal of Experimental Psychology"}
@string{QRB           = "Quarterly Review of Biology"}
@string{RI            = "Robotics Institute, {C}arnegie {M}ellon {U}niversity"}
@string{RTOSS         = "Proceedings of the Workshop on Real-Time Operating Systems and Software"}
@string{RTOSS6        = "Proceedings of the 6th Workshop on Real Time Operating Systems and Software"}
@string{RTSS          = "Proceedings of the Real-Time Systems Symposium"}
@string{RTSS7         = "Proceedings of the 7th {IEEE} Real-Time Systems Symposium"}
@string{RTSS9         = "Proceedings of the 9th {IEEE} Real-Time Systems Symposium"}
@string{RUB           = "Ruhr-Universit{\"a}t Bochum, F.R.G."}
@string{SA            = "Scientific American"}
@string{SAIL          = "Stanford Artificial Intelligence Laboratory"}
@string{SAL           = "Scientific American Library [Distributed by W.~H.\ Freeman and Company]"}
@string{SAM           = "Studies in Applied Mathematics"}
@string{SCI           = "Science"}
@string{SCP           = "Science of Computer Programming"}
@string{SFCS          = "Proceedings of the Symposium on Foundations of Computer Science"}
@string{SIAMJAM       = "SIAM Journal of Applied Mathematics"}
@string{SIAMJAM       = "SIAM Journal of Mathematical Analysis"}
@string{SIAMJC        = "SIAM Journal on Computing"}
@string{SIAMJNA       = "SIAM Journal of Numerical Analysis"}
@string{SIAMR         = "SIAM Review"}
@string{SIGART        = "SIGART Bulletin"}
@string{SIGGRAPH      = "Proceedings of the {ACM} SIGGRAPH"}
@string{SIGNAL        = "{IEEE} Signal Processing"}
@string{SLCS          = "Proceedings of the Symposium on Logic in Computer Science"}
@string{SOFTWARE      = "{IEEE} Software"}
@string{SOSP          = "Proceedings of the {ACM} Symposium on Operating Systems Principles"}
@string{SOSP10        = "Proceedings of the 10th {ACM} Symposium on Operating Systems Principles"}
@string{SOSP11        = "Proceedings of the 11th {ACM} Symposium on Operating Systems Principles"}
@string{SPATVIS       = "Spatial Vision"}
@string{SPIE          = "{SPIE}---The International Society for Optical Engineering"}
@string{SPE           = "Software--Practice and Experience"}
@string{SPR           = "Spring"}
@string{SUM           = "Summer"}
@string{SV            = "Springer-Verlag"}
@string{TAI90         = "Proceedings of the 2nd International {IEEE} Conference on Tools for Artificial Intelligence"}
@string{TCS           = "Theoretical Computer Science"}
@string{TIBS          = "Trends in Biochemical Sciences"}
@string{TINS          = "Trends in Neurosciences"}
@string{TR            = "Technical Report"}
@string{UCB           = "University of California at Berkeley"}
@string{UCBEECS       = "Dept. of Electrical Engineering and Computer Science, University of California at Berkeley"}
@string{UIUC          = "University of Illinois, Urbana-Champaign, IL"}
@string{UM            = "University of Michigan, Ann Arbor, MI"}
@string{UMASS         = "University of Massachusetts, Amherst, MA"}
@string{UMEECS        = "Department of Electrical Engineering and Computer Science, University of Michigan"}
@string{UR            = "University of Rochester, Rochester, NY"}
@string{VCH           = "VCH Verlagsgesellschaft mbH"}
@string{VN            = "Visual Neuroscience"}
@string{VNR           = "Van Nostrand Reinhold"}
@string{VR            = "Vision Research"}
@string{VSVS          = "{VLSI} Specification, Verification, and Synthesis"}
@string{WCNN93        = "World Conference on Neural Networks"}
@string{WCV           = "Proceedings of the Workshop on Computer Vision"}
@string{WESCON87      = "Western Electronic Show and Convention Conference Record"}
@string{WHF           = "W.~H.\ Freeman and Company"}
@string{WI            = "John Wiley \& Sons"}
@string{WIAPSC        = "Proceedings of the Workshop on Innovative Approaches to Planning, Scheduling and Control"}
@string{WIN           = "Winter"}
@string{WM            = "Proceedings of the Workshop on Motion"}
