@MISC{taylor:1995,
       AUTHOR = {B.~N. Taylor},
        TITLE = {Guide for the Use of the International System of Units ({SI})},
 HOWPUBLISHED = {{NIST} Special Publication 811, 1995 Edition.  National
                 Institute of Standards and Technology, United States
                 Department of Commerce.  Available via the World Wide Web at
                 \url{http://physics.nist.gov/Pubs/SP811/contents.html}},
         YEAR = 1995
}

@MISC{thompson:2000,
       AUTHOR = {H.~S. Thompson and D. Beech and M. Maloney and N. Mendelsohn},
        TITLE = {{XML} {S}chema Part 1: Structures ({W3C} Candidate Recommendation
                 24 {O}ctober 2000)},
 HOWPUBLISHED = {Available via the World Wide Web at
                 \url{http://www.w3.org/TR/xmlschema-1/}},
         YEAR = 2000
}


@ARTICLE{tomita:1999,
       AUTHOR = {M. Tomita and K. Hashimoto and K. Takahashi and T. Shimizu
                  and Y. Matsuzaki and F. Miyoshi and K. Saito and S. Tanida
                  and K.  Yugi and J.~C. Venter and C. Hutchison}, 
        TITLE = {E-{C}ELL: Software Environment for Whole Cell Simulation},
      JOURNAL = BI,
         YEAR = 1999,
       VOLUME = 15,
       NUMBER = 1,
        PAGES = {72--84}
}

@MISC{tomita:2001,
       AUTHOR = {M. Tomita and Y. Nakayama and Y. Naito and T. Shimizu
                 and K. Hashimoto and K. Takahashi and Y. Matsuzaki and K. Yugi
                 and F. Miyoshi and Y. Saito and A. Kuroki and T. Ishida and T. Iwata
                 and M. Yoneda and M. Kita and Y. Yamada and E. Wang and S. Seno
                 and M. Okayama and A. Kinoshita and Y. Fujita and R. Matsuo
                 and T. Yanagihara and D. Watari and S. Ishinabe and S. Miyamoto},
        TITLE = {{E-Cell}},
 HOWPUBLISHED = {Available via the World Wide Web at
                 \url{http://www.e-cell.org/}},
         YEAR = 2001
}

@ARTICLE{trankle:1997,
       AUTHOR = {F. Tr\"{a}nkle and A. Gerstlauer and M. Zeitz and E.~D. Gilles},
        TITLE = {Application of the modeling and simulation environment
                 {ProMoT/DIVA} to the modeling of distillation processes},
      JOURNAL = {Computers \& Chemical Engineering},
         YEAR = 1997,
       VOLUME = 21,
       NUMBER = {Suppl. S},
        PAGES = {S841--S846}
}

@ARTICLE{tyma:1998,
       AUTHOR = {P. Tyma},
        TITLE = {Why Are We Using {J}ava Again?},
      JOURNAL = CACM,
         YEAR = 41,
       VOLUME = 6,
       NUMBER = {38--42}
}
