@BOOK{unicode:1996,
       AUTHOR = {{Unicode Consortium}},
        TITLE = {The {U}nicode Standard, Version 2.0},
    PUBLISHER = {Addison-Wesley Developers Press},
	 YEAR = 1996,
      ADDRESS =	{Reading, Massachusetts}
}

@MISC{userland:2001,
       AUTHOR = {{UserLand Inc.}},
        TITLE = {{XML-RPC} Home Page},
 HOWPUBLISHED = {Available via the World Wide Web at
                 \url{http://www.xml-rpc.com/}},
         YEAR = 2001
}
