@ARTICLE{vinoski:1997,
       AUTHOR = {S. Vinoski},
        TITLE = {{CORBA}: Integrating Diverse Applications Within Distributed
                 Heterogeneous Environments}, 
      JOURNAL = IEEEC,
         YEAR = 1997,
        MONTH = feb
}

@INPROCEEDINGS{vonlaszewski:2000,
       AUTHOR = {Gregor von Laszewski and Ian Foster and Jarek Gawor},
        TITLE = {{CoG} Kits: A Bridge between Commodity Distributed 
                 Computing and High-Performance Grids},
    BOOKTITLE = {{ACM} 2000 {Java} Grande Conference},
        PAGES = {97--106},
         YEAR = 2000,
         NOTE = {Available via the World Wide Web at
                 \url{http://www-unix.mcs.anl.gov/~laszewsk/cog/}}
}
