@MISC{w3c:2000,
       AUTHOR = {W3C},
        TITLE = {Naming and Addressing: {URI}s, {URL}s, ...},
 HOWPUBLISHED = {Available via the World Wide Web at
                 \url{http://www.w3.org/Addressing/}},
         YEAR = 2000
}

@MISC{w3c:2000b,
       AUTHOR = {W3C},
        TITLE = {{W3C}'s Math Home Page},
 HOWPUBLISHED = {Available via the World Wide Web at
                 \url{http://www.w3.org/Math/}},
         YEAR = 2000
}

@MISC{wallnoefer:2000,
       AUTHOR = {Hannes Wallnoefer},
        TITLE = {Helma {XML-RPC} library for {Java}, version 1.0 beta 4},
 HOWPUBLISHED = {Available via the World Wide Web at
                 \url{http://xmlrpc.helma.org/}},
         YEAR = 2001
}


@MISC{wilson:2001,
       AUTHOR = {John Wilson},
        TITLE = {{MinML} version 1.0},
 HOWPUBLISHED = {Available via the World Wide Web at
                 \url{http://www.wilson.co.uk/}},
         YEAR = 2001
}


@MISC{winer:2001,
       AUTHOR = {D. Winer},
        TITLE = {{XML-RPC} Specification},
 HOWPUBLISHED = {Available via the World Wide Web at
                 \url{http://www.xmlrpc.com/spec/}},
         YEAR = 2001
}

@MISC{wall:2002,
       AUTHOR = {Larry Wall},
        TITLE = {{P}erl 5.6},
 HOWPUBLISHED = {Available via the World Wide Web at \url{http://www.cpan.org}},
         YEAR = 2002
}
